20131202 000001;1247.7;3
20131202 000001;1247.8;3
20131202 000001;1247.8;1
20131202 000001;1247.8;1
20131202 000003;1247.8;1
20131202 000003;1247.8;2
20131202 000003;1247.8;8
20131202 000003;1247.8;1
20131202 000004;1247.8;1
20131202 000010;1247.8;1
20131202 000021;1247.7;1
20131202 000022;1247.8;1
20131202 000034;1247.8;1
20131202 000037;1247.8;1
20131202 000053;1247.8;1
20131202 000055;1247.8;1
20131202 000102;1247.9;1
20131202 000103;1247.8;1
20131202 000103;1247.8;1
20131202 000122;1247.8;1
20131202 000124;1247.8;1
20131202 000125;1247.8;1
20131202 000128;1247.8;1
20131202 000143;1247.8;1
20131202 000143;1247.8;1
20131202 000216;1248;1
20131202 000216;1248;1
20131202 000216;1248;1
20131202 000216;1248.1;1
20131202 000237;1247.9;1
20131202 000239;1248;1
20131202 000300;1247.9;1
20131202 000309;1247.9;2
20131202 000313;1247.9;1
20131202 000338;1247.9;1
20131202 000338;1247.9;1
20131202 000340;1247.8;1
20131202 000340;1247.8;1
20131202 000343;1247.8;1
20131202 000343;1247.8;1
20131202 000344;1247.9;1
20131202 000345;1247.7;2
20131202 000345;1247.7;1
20131202 000353;1247.8;6
20131202 000358;1247.8;1
20131202 000414;1247.8;2
20131202 000414;1247.8;2
20131202 000504;1248;1
20131202 000504;1248;1
20131202 000505;1248;1
20131202 000505;1248;1
20131202 000515;1248;1
20131202 000534;1247.9;1
20131202 000545;1247.9;1
20131202 000545;1247.9;1
20131202 000545;1247.8;1
20131202 000545;1247.8;3
20131202 000607;1248;1
20131202 000607;1248.1;1
20131202 000607;1248.1;1
20131202 000621;1248.2;1
20131202 000621;1248.2;1
20131202 000621;1248.2;1
20131202 000629;1248.2;1
20131202 000630;1248.2;1
20131202 000630;1248.2;2
20131202 000632;1248.2;1
20131202 000632;1248.2;1
20131202 000635;1248.2;1
20131202 000639;1248.2;1
20131202 000639;1248.2;3
20131202 000641;1248.2;1
20131202 000643;1248.1;1
20131202 000659;1248.1;1
20131202 000659;1248.1;1
20131202 000717;1248.1;1
20131202 000720;1248.1;1
20131202 000720;1248;1
20131202 000725;1248.1;2
20131202 000754;1248;1
20131202 000801;1247.9;1
20131202 000801;1247.9;1
20131202 000813;1247.9;2
20131202 000814;1248;1
20131202 000817;1247.8;1
20131202 000820;1247.8;1
20131202 000820;1247.8;1
20131202 000820;1247.8;1
20131202 000820;1247.8;1
20131202 000820;1247.8;1
20131202 000823;1247.8;3
20131202 000835;1247.7;2
20131202 000835;1247.7;1
20131202 000835;1247.7;1
20131202 000835;1247.7;1
20131202 000836;1247.8;1
20131202 000838;1247.8;1
20131202 000839;1247.8;2
20131202 000943;1247.7;1
20131202 000943;1247.7;1
20131202 000944;1247.6;1
20131202 001000;1247.7;1
20131202 001000;1247.7;1
20131202 001000;1247.7;1
20131202 001000;1247.8;1
20131202 001000;1247.8;1
20131202 001000;1247.8;1
20131202 001000;1247.8;1
20131202 001000;1247.9;1
20131202 001000;1247.8;1
20131202 001000;1247.9;1
20131202 001000;1247.9;1
20131202 001000;1247.9;1
20131202 001018;1247.8;1
20131202 001035;1247.7;1
20131202 001035;1247.6;1
20131202 001035;1247.6;1
20131202 001035;1247.6;1
20131202 001035;1247.6;1
20131202 001035;1247.5;1
20131202 001047;1247.5;1
20131202 001049;1247.5;1
20131202 001049;1247.4;1
20131202 001049;1247.4;1
20131202 001049;1247.4;1
20131202 001049;1247.4;1
20131202 001049;1247.4;1
20131202 001049;1247.4;1
20131202 001054;1247.5;1
20131202 001055;1247.5;1
20131202 001055;1247.5;1
20131202 001055;1247.5;1
20131202 001055;1247.5;1
20131202 001105;1247.6;1
20131202 001105;1247.6;1
20131202 001105;1247.6;1
20131202 001119;1247.5;1
20131202 001119;1247.5;1
20131202 001119;1247.5;1
20131202 001119;1247.5;1
20131202 001132;1247.6;1
20131202 001138;1247.6;2
20131202 001142;1247.6;3
20131202 001142;1247.7;1
20131202 001142;1247.7;1
20131202 001142;1247.7;1
20131202 001200;1247.6;1
20131202 001200;1247.6;1
20131202 001200;1247.6;1
20131202 001200;1247.5;1
20131202 001200;1247.4;1
20131202 001200;1247.4;1
20131202 001200;1247.4;1
20131202 001200;1247.4;1
20131202 001200;1247.4;1
20131202 001200;1247.4;1
20131202 001201;1247.3;1
20131202 001211;1247.3;4
20131202 001211;1247.3;5
20131202 001211;1247.3;2
20131202 001211;1247.3;1
20131202 001211;1247.3;1
20131202 001211;1247.3;1
20131202 001219;1247.4;1
20131202 001225;1247.4;1
20131202 001225;1247.4;1
20131202 001227;1247.3;1
20131202 001227;1247.3;1
20131202 001227;1247.3;1
20131202 001227;1247.3;1
20131202 001227;1247.3;1
20131202 001227;1247.3;1
20131202 001227;1247.3;1
20131202 001227;1247.3;2
20131202 001227;1247.3;1
20131202 001240;1247.4;1
20131202 001251;1247.4;1
20131202 001254;1247.3;1
20131202 001310;1247.3;1
20131202 001310;1247.3;1
20131202 001314;1247.3;1
20131202 001314;1247.3;1
20131202 001314;1247.3;1
20131202 001314;1247.3;1
20131202 001315;1247.3;1
20131202 001317;1247.4;1
20131202 001317;1247.4;1
20131202 001318;1247.4;1
20131202 001318;1247.4;1
20131202 001319;1247.4;1
20131202 001320;1247.4;1
20131202 001325;1247.4;1
20131202 001328;1247.3;1
20131202 001335;1247.4;1
20131202 001335;1247.4;1
20131202 001335;1247.4;1
20131202 001335;1247.5;1
20131202 001349;1247.6;1
20131202 001357;1247.6;1
20131202 001357;1247.6;2
20131202 001357;1247.6;1
20131202 001411;1247.6;1
20131202 001411;1247.6;1
20131202 001415;1247.6;1
20131202 001415;1247.5;1
20131202 001415;1247.5;1
20131202 001415;1247.5;1
20131202 001415;1247.5;1
20131202 001415;1247.5;1
20131202 001419;1247.5;1
20131202 001428;1247.3;2
20131202 001428;1247.3;1
20131202 001428;1247.3;1
20131202 001428;1247.3;1
20131202 001435;1247.2;1
20131202 001435;1247.2;3
20131202 001435;1247.2;1
20131202 001435;1247.2;1
20131202 001435;1247.2;2
20131202 001435;1247.1;2
20131202 001435;1247.1;1
20131202 001435;1247.1;1
20131202 001435;1247.1;1
20131202 001435;1247.1;1
20131202 001435;1247.1;1
20131202 001435;1247.1;1
20131202 001435;1247.2;2
20131202 001435;1247.3;1
20131202 001443;1247.1;10
20131202 001446;1247.2;1
20131202 001447;1247.1;3
20131202 001447;1247.1;1
20131202 001447;1247.1;1
20131202 001447;1247.1;1
20131202 001447;1247.1;1
20131202 001447;1247.1;1
20131202 001447;1247.1;1
20131202 001447;1247.1;1
20131202 001447;1247.1;1
20131202 001450;1247.1;1
20131202 001452;1247;1
20131202 001452;1247;1
20131202 001452;1247;1
20131202 001452;1247;2
20131202 001452;1247;1
20131202 001452;1247;1
20131202 001452;1247;1
20131202 001452;1247;1
20131202 001454;1247;1
20131202 001456;1247;2
20131202 001456;1247;1
20131202 001456;1247;1
20131202 001456;1247;3
20131202 001456;1247;1
20131202 001457;1247;2
20131202 001500;1246.9;1
20131202 001500;1246.9;1
20131202 001500;1246.9;3
20131202 001500;1246.9;1
20131202 001500;1246.9;2
20131202 001500;1246.9;1
20131202 001500;1246.9;1
20131202 001500;1246.9;1
20131202 001500;1246.9;1
20131202 001500;1246.9;4
20131202 001500;1246.9;4
20131202 001500;1246.9;2
20131202 001501;1246.9;2
20131202 001506;1247;1
20131202 001511;1247;1
20131202 001513;1247;2
20131202 001517;1247;1
20131202 001518;1247;1
20131202 001518;1247;1
20131202 001518;1247;1
20131202 001520;1246.9;1
20131202 001522;1247;1
20131202 001523;1247;1
20131202 001524;1247;1
20131202 001533;1247.1;1
20131202 001538;1246.9;7
20131202 001538;1246.9;1
20131202 001538;1246.9;3
20131202 001538;1246.9;3
20131202 001538;1246.9;1
20131202 001538;1246.9;1
20131202 001538;1246.9;1
20131202 001542;1246.9;1
20131202 001543;1246.9;2
20131202 001543;1247;1
20131202 001545;1247;1
20131202 001552;1246.9;2
20131202 001552;1246.9;2
20131202 001552;1247;1
20131202 001552;1247;1
20131202 001552;1247;1
20131202 001552;1247;1
20131202 001556;1247;1
20131202 001558;1247;1
20131202 001619;1246.9;2
20131202 001624;1247;1
20131202 001629;1246.9;1
20131202 001639;1247;1
20131202 001639;1247;1
20131202 001640;1247;1
20131202 001643;1247;1
20131202 001704;1247.1;4
20131202 001704;1247.1;1
20131202 001704;1247.1;2
20131202 001704;1247.1;1
20131202 001705;1247.1;1
20131202 001705;1247.1;1
20131202 001709;1247.1;1
20131202 001720;1247.1;1
20131202 001724;1247.1;1
20131202 001728;1247.1;2
20131202 001741;1247;1
20131202 001741;1247;1
20131202 001752;1247.1;1
20131202 001800;1247.1;1
20131202 001801;1247.1;1
20131202 001801;1247.1;2
20131202 001801;1247.1;2
20131202 001802;1247.1;1
20131202 001803;1247.1;1
20131202 001805;1247.1;2
20131202 001812;1247;1
20131202 001812;1247;1
20131202 001812;1247;1
20131202 001819;1247.1;1
20131202 001823;1247.1;1
20131202 001825;1247.1;1
20131202 001831;1247.1;1
20131202 001835;1247.1;1
20131202 001835;1247.1;1
20131202 001837;1247.2;1
20131202 001850;1247.3;1
20131202 001859;1247.3;1
20131202 001901;1247.3;1
20131202 001902;1247.3;1
20131202 001902;1247.3;1
20131202 001912;1247.2;2
20131202 001922;1247.4;1
20131202 001922;1247.4;1
20131202 001934;1247.4;1
20131202 001951;1247.3;1
20131202 001953;1247.3;1
20131202 001953;1247.3;1
20131202 002003;1247.3;1
20131202 002004;1247.3;1
20131202 002013;1247.2;1
20131202 002013;1247.2;1
20131202 002105;1247.1;1
20131202 002106;1247.2;1
20131202 002106;1247.2;1
20131202 002106;1247.2;1
20131202 002106;1247.2;1
20131202 002112;1247.2;1
20131202 002119;1247.2;1
20131202 002128;1247.2;1
20131202 002142;1247.2;1
20131202 002211;1247.2;1
20131202 002218;1247.2;1
20131202 002218;1247.2;1
20131202 002218;1247.2;1
20131202 002233;1247.2;1
20131202 002233;1247.2;1
20131202 002234;1247.2;1
20131202 002234;1247.2;1
20131202 002234;1247.3;1
20131202 002234;1247.3;1
20131202 002234;1247.3;1
20131202 002234;1247.2;1
20131202 002234;1247.3;1
20131202 002234;1247.3;1
20131202 002234;1247.3;1
20131202 002234;1247.3;1
20131202 002235;1247.3;1
20131202 002235;1247.4;1
20131202 002235;1247.3;1
20131202 002236;1247.3;1
20131202 002255;1247.4;1
20131202 002259;1247.5;1
20131202 002259;1247.5;1
20131202 002259;1247.5;4
20131202 002259;1247.5;2
20131202 002259;1247.6;1
20131202 002259;1247.6;1
20131202 002259;1247.6;1
20131202 002259;1247.6;1
20131202 002259;1247.6;1
20131202 002259;1247.6;1
20131202 002259;1247.6;1
20131202 002259;1247.7;1
20131202 002259;1247.6;1
20131202 002259;1247.6;1
20131202 002259;1247.6;3
20131202 002259;1247.6;2
20131202 002259;1247.6;2
20131202 002259;1247.6;1
20131202 002259;1247.6;1
20131202 002305;1247.7;1
20131202 002305;1247.7;1
20131202 002305;1247.7;1
20131202 002305;1247.7;1
20131202 002305;1247.7;1
20131202 002305;1247.7;1
20131202 002305;1247.7;1
20131202 002305;1247.7;1
20131202 002308;1247.7;1
20131202 002309;1247.7;1
20131202 002319;1247.6;1
20131202 002320;1247.6;3
20131202 002320;1247.6;1
20131202 002320;1247.6;2
20131202 002320;1247.6;1
20131202 002320;1247.6;1
20131202 002320;1247.6;1
20131202 002320;1247.6;1
20131202 002320;1247.6;2
20131202 002320;1247.6;1
20131202 002320;1247.6;1
20131202 002320;1247.6;1
20131202 002320;1247.6;1
20131202 002321;1247.6;1
20131202 002322;1247.6;1
20131202 002322;1247.6;1
20131202 002324;1247.6;1
20131202 002331;1247.6;1
20131202 002342;1247.6;1
20131202 002342;1247.6;1
20131202 002342;1247.6;1
20131202 002346;1247.6;2
20131202 002346;1247.6;5
20131202 002346;1247.6;2
20131202 002351;1247.7;1
20131202 002356;1247.7;1
20131202 002356;1247.7;1
20131202 002356;1247.6;3
20131202 002356;1247.6;1
20131202 002356;1247.6;1
20131202 002356;1247.6;1
20131202 002356;1247.6;5
20131202 002356;1247.6;5
20131202 002356;1247.6;5
20131202 002407;1247.6;29
20131202 002407;1247.6;1
20131202 002407;1247.6;1
20131202 002407;1247.6;1
20131202 002420;1247.6;40
20131202 002420;1247.6;1
20131202 002420;1247.6;1
20131202 002420;1247.7;1
20131202 002420;1247.7;1
20131202 002420;1247.7;1
20131202 002446;1247.7;1
20131202 002453;1247.6;1
20131202 002454;1247.6;2
20131202 002454;1247.6;1
20131202 002454;1247.6;1
20131202 002457;1247.6;1
20131202 002506;1247.7;1
20131202 002510;1247.6;1
20131202 002510;1247.6;3
20131202 002510;1247.6;5
20131202 002510;1247.6;5
20131202 002510;1247.6;5
20131202 002510;1247.6;5
20131202 002510;1247.6;5
20131202 002510;1247.6;5
20131202 002510;1247.6;5
20131202 002510;1247.6;5
20131202 002510;1247.6;5
20131202 002510;1247.6;2
20131202 002510;1247.6;2
20131202 002510;1247.7;2
20131202 002510;1247.7;1
20131202 002510;1247.7;1
20131202 002514;1247.7;2
20131202 002521;1247.6;1
20131202 002524;1247.7;1
20131202 002531;1247.5;1
20131202 002531;1247.5;2
20131202 002531;1247.4;1
20131202 002532;1247.5;7
20131202 002532;1247.6;1
20131202 002532;1247.6;2
20131202 002532;1247.6;1
20131202 002532;1247.6;1
20131202 002532;1247.6;1
20131202 002532;1247.6;1
20131202 002532;1247.6;1
20131202 002532;1247.6;2
20131202 002532;1247.6;1
20131202 002532;1247.6;1
20131202 002542;1247.6;1
20131202 002542;1247.6;1
20131202 002546;1247.6;4
20131202 002546;1247.6;1
20131202 002551;1247.6;1
20131202 002553;1247.6;1
20131202 002601;1247.6;3
20131202 002601;1247.6;5
20131202 002601;1247.6;5
20131202 002601;1247.6;5
20131202 002601;1247.6;5
20131202 002601;1247.6;5
20131202 002601;1247.6;5
20131202 002601;1247.6;5
20131202 002601;1247.6;5
20131202 002601;1247.6;5
20131202 002601;1247.6;5
20131202 002601;1247.6;4
20131202 002604;1247.8;1
20131202 002604;1247.9;2
20131202 002604;1247.8;1
20131202 002606;1247.9;2
20131202 002611;1247.8;2
20131202 002611;1247.8;1
20131202 002611;1247.8;1
20131202 002611;1247.7;1
20131202 002611;1247.7;1
20131202 002611;1247.7;1
20131202 002611;1247.7;1
20131202 002611;1247.7;1
20131202 002624;1247.7;1
20131202 002646;1247.7;1
20131202 002652;1247.6;16
20131202 002652;1247.6;1
20131202 002652;1247.6;2
20131202 002653;1247.5;2
20131202 002653;1247.5;1
20131202 002653;1247.5;1
20131202 002713;1247.6;2
20131202 002719;1247.6;20
20131202 002720;1247.6;35
20131202 002720;1247.6;1
20131202 002720;1247.6;1
20131202 002720;1247.6;1
20131202 002720;1247.6;1
20131202 002720;1247.7;1
20131202 002720;1247.7;1
20131202 002720;1247.7;1
20131202 002720;1247.7;1
20131202 002721;1247.8;1
20131202 002725;1247.8;1
20131202 002728;1247.7;1
20131202 002730;1247.7;1
20131202 002810;1247.6;1
20131202 002821;1247.7;1
20131202 002821;1247.7;1
20131202 002828;1247.6;5
20131202 002828;1247.6;5
20131202 002828;1247.6;1
20131202 002828;1247.6;1
20131202 002832;1247.6;1
20131202 002832;1247.7;1
20131202 002835;1247.6;1
20131202 002848;1247.6;1
20131202 002850;1247.6;1
20131202 002850;1247.6;5
20131202 002918;1247.5;1
20131202 002918;1247.5;1
20131202 002937;1247.5;1
20131202 003002;1247.5;2
20131202 003003;1247.6;2
20131202 003003;1247.6;8
20131202 003003;1247.6;2
20131202 003003;1247.6;1
20131202 003003;1247.6;1
20131202 003003;1247.6;2
20131202 003003;1247.6;2
20131202 003003;1247.6;4
20131202 003003;1247.5;1
20131202 003004;1247.6;1
20131202 003007;1247.5;1
20131202 003021;1247.6;1
20131202 003029;1247.5;1
20131202 003030;1247.5;1
20131202 003030;1247.6;10
20131202 003030;1247.6;1
20131202 003030;1247.6;5
20131202 003030;1247.6;5
20131202 003030;1247.6;1
20131202 003030;1247.6;1
20131202 003030;1247.6;1
20131202 003033;1247.8;1
20131202 003041;1247.7;1
20131202 003041;1247.6;3
20131202 003046;1247.6;1
20131202 003046;1247.7;1
20131202 003101;1247.5;1
20131202 003101;1247.5;1
20131202 003101;1247.5;11
20131202 003101;1247.5;1
20131202 003101;1247.5;1
20131202 003101;1247.5;1
20131202 003103;1247.5;1
20131202 003118;1247.4;1
20131202 003118;1247.4;1
20131202 003119;1247.4;1
20131202 003119;1247.4;1
20131202 003146;1247.3;1
20131202 003221;1247.3;1
20131202 003247;1247.4;1
20131202 003313;1247.3;1
20131202 003322;1247.3;1
20131202 003349;1247.5;5
20131202 003357;1247.5;1
20131202 003358;1247.4;1
20131202 003422;1247.4;1
20131202 003424;1247.4;1
20131202 003432;1247.5;1
20131202 003438;1247.5;1
20131202 003439;1247.5;1
20131202 003449;1247.5;1
20131202 003450;1247.5;1
20131202 003450;1247.5;1
20131202 003451;1247.5;2
20131202 003451;1247.5;1
20131202 003451;1247.5;1
20131202 003451;1247.5;1
20131202 003451;1247.5;1
20131202 003451;1247.6;1
20131202 003451;1247.6;1
20131202 003455;1247.7;1
20131202 003455;1247.8;1
20131202 003501;1247.7;1
20131202 003501;1247.7;1
20131202 003501;1247.7;1
20131202 003501;1247.7;1
20131202 003501;1247.6;1
20131202 003501;1247.6;1
20131202 003501;1247.6;1
20131202 003501;1247.6;1
20131202 003501;1247.6;1
20131202 003501;1247.6;1
20131202 003502;1247.6;1
20131202 003518;1247.6;1
20131202 003521;1247.5;2
20131202 003521;1247.5;1
20131202 003521;1247.5;1
20131202 003521;1247.5;1
20131202 003525;1247.5;2
20131202 003525;1247.5;2
20131202 003526;1247.5;1
20131202 003543;1247.5;1
20131202 003543;1247.5;1
20131202 003543;1247.5;1
20131202 003547;1247.5;1
20131202 003547;1247.5;1
20131202 003547;1247.5;1
20131202 003547;1247.5;1
20131202 003547;1247.5;1
20131202 003627;1247.5;1
20131202 003627;1247.5;1
20131202 003627;1247.5;1
20131202 003627;1247.5;1
20131202 003709;1247.6;1
20131202 003709;1247.6;1
20131202 003709;1247.6;1
20131202 003709;1247.6;1
20131202 003713;1247.6;9
20131202 003717;1247.6;4
20131202 003717;1247.6;1
20131202 003728;1247.5;1
20131202 003731;1247.6;4
20131202 003733;1247.6;1
20131202 003742;1247.6;3
20131202 003742;1247.6;1
20131202 003749;1247.6;4
20131202 003749;1247.6;1
20131202 003803;1247.5;1
20131202 003809;1247.5;1
20131202 003812;1247.5;1
20131202 003852;1247.5;1
20131202 003857;1247.6;1
20131202 003858;1247.5;1
20131202 003858;1247.5;1
20131202 003858;1247.5;1
20131202 003858;1247.5;2
20131202 003928;1247.5;1
20131202 003928;1247.5;1
20131202 003929;1247.6;1
20131202 003933;1247.5;1
20131202 003933;1247.5;1
20131202 003933;1247.5;1
20131202 003934;1247.4;1
20131202 003951;1247.5;1
20131202 003952;1247.5;1
20131202 003952;1247.5;1
20131202 003952;1247.5;1
20131202 003953;1247.5;1
20131202 003954;1247.5;1
20131202 003956;1247.5;1
20131202 003957;1247.5;1
20131202 003959;1247.5;1
20131202 004003;1247.5;2
20131202 004003;1247.5;1
20131202 004003;1247.5;1
20131202 004008;1247.6;1
20131202 004008;1247.6;1
20131202 004008;1247.6;1
20131202 004008;1247.6;1
20131202 004008;1247.6;1
20131202 004013;1247.5;2
20131202 004013;1247.5;1
20131202 004020;1247.5;2
20131202 004020;1247.5;2
20131202 004021;1247.5;2
20131202 004024;1247.5;1
20131202 004048;1247.5;5
20131202 004050;1247.5;6
20131202 004050;1247.5;1
20131202 004059;1247.6;1
20131202 004100;1247.6;5
20131202 004100;1247.6;1
20131202 004100;1247.6;2
20131202 004100;1247.5;3
20131202 004100;1247.5;1
20131202 004100;1247.5;1
20131202 004100;1247.5;1
20131202 004100;1247.5;1
20131202 004100;1247.5;1
20131202 004100;1247.4;3
20131202 004100;1247.4;3
20131202 004100;1247.4;2
20131202 004101;1247.6;1
20131202 004101;1247.6;1
20131202 004111;1247.5;2
20131202 004114;1247.5;3
20131202 004116;1247.4;1
20131202 004118;1247.4;2
20131202 004147;1247.4;1
20131202 004147;1247.4;1
20131202 004147;1247.4;1
20131202 004200;1247.4;1
20131202 004209;1247.3;1
20131202 004211;1247.3;1
20131202 004218;1247.4;1
20131202 004222;1247.4;1
20131202 004224;1247.4;1
20131202 004240;1247.5;25
20131202 004240;1247.5;2
20131202 004240;1247.5;1
20131202 004240;1247.5;1
20131202 004240;1247.5;1
20131202 004240;1247.5;1
20131202 004250;1247.6;1
20131202 004250;1247.6;1
20131202 004250;1247.7;1
20131202 004250;1247.7;1
20131202 004250;1247.7;1
20131202 004250;1247.7;1
20131202 004250;1247.7;2
20131202 004250;1247.7;1
20131202 004250;1247.7;1
20131202 004250;1247.7;2
20131202 004250;1247.7;2
20131202 004253;1247.7;2
20131202 004302;1247.7;1
20131202 004302;1247.8;1
20131202 004302;1247.8;1
20131202 004302;1247.8;1
20131202 004302;1247.8;1
20131202 004302;1247.8;6
20131202 004302;1247.8;1
20131202 004309;1247.8;1
20131202 004313;1247.7;8
20131202 004324;1247.6;1
20131202 004333;1247.6;1
20131202 004333;1247.6;1
20131202 004335;1247.6;5
20131202 004335;1247.7;1
20131202 004335;1247.7;1
20131202 004335;1247.8;2
20131202 004335;1247.8;1
20131202 004339;1247.7;1
20131202 004346;1247.6;1
20131202 004346;1247.6;1
20131202 004346;1247.5;2
20131202 004346;1247.5;1
20131202 004346;1247.5;1
20131202 004346;1247.5;1
20131202 004346;1247.5;1
20131202 004346;1247.5;1
20131202 004346;1247.5;1
20131202 004352;1247.5;1
20131202 004354;1247.5;8
20131202 004354;1247.5;1
20131202 004354;1247.6;1
20131202 004404;1247.5;1
20131202 004404;1247.6;1
20131202 004404;1247.6;1
20131202 004404;1247.7;1
20131202 004404;1247.7;1
20131202 004404;1247.7;1
20131202 004404;1247.7;1
20131202 004404;1247.7;1
20131202 004404;1247.7;1
20131202 004404;1247.7;1
20131202 004404;1247.7;1
20131202 004404;1247.7;1
20131202 004405;1247.7;12
20131202 004405;1247.6;1
20131202 004405;1247.6;1
20131202 004405;1247.6;1
20131202 004405;1247.5;1
20131202 004405;1247.5;1
20131202 004405;1247.5;1
20131202 004405;1247.5;2
20131202 004408;1247.7;1
20131202 004408;1247.7;2
20131202 004408;1247.7;2
20131202 004408;1247.7;1
20131202 004410;1247.7;1
20131202 004413;1247.8;1
20131202 004413;1247.8;1
20131202 004414;1247.7;1
20131202 004415;1247.7;15
20131202 004415;1247.7;1
20131202 004415;1247.7;1
20131202 004416;1247.8;2
20131202 004416;1247.8;1
20131202 004416;1247.8;1
20131202 004416;1247.9;1
20131202 004416;1247.9;1
20131202 004416;1247.9;1
20131202 004416;1247.9;1
20131202 004416;1247.9;1
20131202 004416;1247.9;1
20131202 004430;1247.8;1
20131202 004439;1247.9;1
20131202 004441;1247.8;1
20131202 004441;1247.7;1
20131202 004449;1247.9;1
20131202 004449;1247.9;1
20131202 004449;1247.9;1
20131202 004449;1247.9;1
20131202 004449;1247.9;1
20131202 004449;1248;1
20131202 004449;1248;1
20131202 004449;1248;1
20131202 004449;1248;1
20131202 004449;1248;1
20131202 004450;1248;1
20131202 004451;1247.9;1
20131202 004451;1247.9;1
20131202 004451;1247.9;1
20131202 004458;1248.1;1
20131202 004458;1248.1;1
20131202 004458;1248.1;1
20131202 004458;1248.1;2
20131202 004458;1248.1;1
20131202 004458;1248.2;1
20131202 004459;1248.2;1
20131202 004459;1248.2;1
20131202 004502;1248.1;2
20131202 004503;1248.1;1
20131202 004503;1248.1;1
20131202 004503;1248.1;1
20131202 004503;1248.1;2
20131202 004503;1248.1;1
20131202 004503;1248.1;1
20131202 004503;1248.2;1
20131202 004506;1248.2;1
20131202 004506;1248.2;2
20131202 004506;1248.3;1
20131202 004506;1248.3;1
20131202 004506;1248.3;1
20131202 004506;1248.3;1
20131202 004506;1248.3;1
20131202 004506;1248.3;1
20131202 004506;1248.3;1
20131202 004506;1248.3;1
20131202 004506;1248.4;1
20131202 004506;1248.4;1
20131202 004506;1248.4;1
20131202 004506;1248.4;1
20131202 004506;1248.4;1
20131202 004506;1248.3;1
20131202 004507;1248.4;1
20131202 004507;1248.4;1
20131202 004510;1248.3;1
20131202 004510;1248.3;1
20131202 004510;1248.3;1
20131202 004510;1248.2;2
20131202 004511;1248.3;1
20131202 004513;1248.3;1
20131202 004514;1248.2;2
20131202 004525;1248.2;1
20131202 004525;1248.2;1
20131202 004526;1248.2;1
20131202 004527;1248.3;2
20131202 004527;1248.3;3
20131202 004527;1248.3;1
20131202 004529;1248.3;1
20131202 004533;1248.2;2
20131202 004534;1248.3;1
20131202 004539;1248.4;1
20131202 004543;1248.4;1
20131202 004543;1248.4;1
20131202 004543;1248.5;2
20131202 004543;1248.5;1
20131202 004543;1248.5;1
20131202 004543;1248.5;1
20131202 004543;1248.5;1
20131202 004543;1248.5;1
20131202 004543;1248.5;3
20131202 004543;1248.5;2
20131202 004543;1248.6;1
20131202 004543;1248.5;11
20131202 004543;1248.4;1
20131202 004543;1248.4;1
20131202 004543;1248.3;2
20131202 004543;1248.4;4
20131202 004543;1248.4;1
20131202 004543;1248.3;1
20131202 004543;1248.3;1
20131202 004543;1248.3;1
20131202 004552;1248.3;1
20131202 004553;1248.4;1
20131202 004555;1248.3;10
20131202 004555;1248.4;1
20131202 004555;1248.4;1
20131202 004555;1248.4;1
20131202 004555;1248.5;1
20131202 004555;1248.5;1
20131202 004555;1248.3;2
20131202 004602;1248.2;4
20131202 004605;1248.2;8
20131202 004606;1248.2;2
20131202 004606;1248.2;1
20131202 004606;1248.1;10
20131202 004606;1248.1;1
20131202 004606;1248.1;2
20131202 004606;1248.1;1
20131202 004606;1248.1;1
20131202 004615;1248;1
20131202 004615;1248;1
20131202 004615;1248;1
20131202 004617;1247.8;1
20131202 004617;1247.8;1
20131202 004617;1247.7;1
20131202 004617;1247.7;1
20131202 004617;1247.7;1
20131202 004620;1247.7;1
20131202 004627;1247.7;1
20131202 004627;1247.7;1
20131202 004627;1247.6;1
20131202 004627;1247.6;1
20131202 004628;1247.6;1
20131202 004629;1247.6;1
20131202 004632;1247.6;1
20131202 004640;1247.5;1
20131202 004640;1247.5;1
20131202 004640;1247.5;1
20131202 004640;1247.4;2
20131202 004640;1247.4;1
20131202 004640;1247.5;2
20131202 004645;1247.6;2
20131202 004645;1247.6;1
20131202 004647;1247.6;1
20131202 004651;1247.6;14
20131202 004651;1247.5;1
20131202 004654;1247.6;1
20131202 004656;1247.5;1
20131202 004656;1247.5;1
20131202 004656;1247.5;1
20131202 004656;1247.5;2
20131202 004657;1247.7;1
20131202 004700;1247.6;1
20131202 004708;1247.6;1
20131202 004735;1247.5;1
20131202 004737;1247.5;1
20131202 004737;1247.4;1
20131202 004739;1247.4;1
20131202 004739;1247.4;1
20131202 004746;1247.4;1
20131202 004747;1247.3;2
20131202 004747;1247.3;1
20131202 004747;1247.3;1
20131202 004747;1247.3;1
20131202 004747;1247.3;1
20131202 004747;1247.3;1
20131202 004747;1247.3;1
20131202 004747;1247.3;1
20131202 004747;1247.3;1
20131202 004748;1247.4;1
20131202 004757;1247.4;1
20131202 004757;1247.4;1
20131202 004757;1247.4;1
20131202 004757;1247.4;1
20131202 004805;1247.3;1
20131202 004815;1247.3;1
20131202 004820;1247.4;1
20131202 004827;1247.4;1
20131202 004852;1247.4;1
20131202 004852;1247.4;1
20131202 004853;1247.4;1
20131202 004859;1247.4;1
20131202 004859;1247.4;1
20131202 004859;1247.5;1
20131202 004859;1247.5;1
20131202 004859;1247.5;1
20131202 004901;1247.4;1
20131202 004910;1247.5;1
20131202 004910;1247.5;2
20131202 004913;1247.5;1
20131202 004913;1247.5;1
20131202 004913;1247.5;1
20131202 004915;1247.4;1
20131202 004915;1247.4;3
20131202 004915;1247.4;1
20131202 004915;1247.4;1
20131202 004915;1247.4;1
20131202 004915;1247.3;1
20131202 004915;1247.3;1
20131202 004915;1247.3;2
20131202 004915;1247.3;1
20131202 004915;1247.3;1
20131202 004930;1247.4;1
20131202 004930;1247.4;1
20131202 004930;1247.4;1
20131202 004930;1247.5;1
20131202 004932;1247.3;1
20131202 004932;1247.3;1
20131202 004932;1247.3;3
20131202 004934;1247.3;1
20131202 004934;1247.3;1
20131202 004934;1247.3;2
20131202 004935;1247.3;1
20131202 004944;1247.4;1
20131202 005011;1247.4;2
20131202 005037;1247.4;1
20131202 005037;1247.4;1
20131202 005037;1247.4;1
20131202 005053;1247.5;1
20131202 005104;1247.5;1
20131202 005109;1247.4;1
20131202 005126;1247.4;1
20131202 005126;1247.4;1
20131202 005127;1247.4;1
20131202 005127;1247.5;2
20131202 005127;1247.5;1
20131202 005127;1247.5;1
20131202 005148;1247.6;1
20131202 005148;1247.6;1
20131202 005150;1247.6;1
20131202 005150;1247.6;1
20131202 005213;1247.6;1
20131202 005218;1247.7;1
20131202 005221;1247.6;1
20131202 005221;1247.6;2
20131202 005221;1247.6;1
20131202 005221;1247.6;1
20131202 005302;1247.6;1
20131202 005306;1247.6;1
20131202 005311;1247.7;2
20131202 005311;1247.7;1
20131202 005311;1247.7;1
20131202 005315;1247.8;1
20131202 005329;1247.8;1
20131202 005329;1247.8;2
20131202 005329;1247.8;2
20131202 005329;1247.8;1
20131202 005330;1247.9;1
20131202 005332;1247.9;1
20131202 005335;1247.7;1
20131202 005335;1247.7;1
20131202 005335;1247.7;3
20131202 005346;1247.7;1
20131202 005358;1247.6;1
20131202 005359;1247.7;1
20131202 005359;1247.7;1
20131202 005403;1247.8;1
20131202 005423;1247.7;1
20131202 005423;1247.7;2
20131202 005423;1247.6;1
20131202 005432;1247.8;1
20131202 005451;1247.7;1
20131202 005451;1247.7;3
20131202 005456;1247.6;1
20131202 005456;1247.7;1
20131202 005508;1247.7;1
20131202 005508;1247.8;1
20131202 005546;1247.7;1
20131202 005553;1247.7;1
20131202 005555;1247.7;1
20131202 005612;1247.6;2
20131202 005613;1247.8;1
20131202 005617;1247.8;1
20131202 005617;1247.8;1
20131202 005707;1247.7;1
20131202 005722;1247.6;1
20131202 005722;1247.6;2
20131202 005722;1247.6;1
20131202 005722;1247.6;1
20131202 005722;1247.6;1
20131202 005725;1247.7;1
20131202 005725;1247.7;1
20131202 005733;1247.6;1
20131202 005733;1247.6;3
20131202 005749;1247.6;1
20131202 005800;1247.5;1
20131202 005800;1247.5;1
20131202 005800;1247.5;1
20131202 005800;1247.5;2
20131202 005834;1247.7;2
20131202 005844;1247.6;1
20131202 005844;1247.6;1
20131202 005847;1247.5;1
20131202 005854;1247.6;1
20131202 005900;1247.6;1
20131202 005920;1247.6;1
20131202 005948;1247.5;1
20131202 005948;1247.5;1
20131202 005950;1247.5;2
20131202 005950;1247.5;2
20131202 005950;1247.5;1
20131202 005950;1247.5;1
20131202 005951;1247.6;1
20131202 005951;1247.6;1
20131202 005953;1247.6;1
20131202 005954;1247.5;1
20131202 005954;1247.5;1
20131202 005954;1247.5;1
20131202 005954;1247.5;2
20131202 005954;1247.5;1
20131202 005956;1247.6;4
20131202 005956;1247.6;1
20131202 005956;1247.6;1
20131202 005956;1247.5;1
20131202 005959;1247.4;2
20131202 005959;1247.4;1
20131202 005959;1247.4;3
20131202 010000;1247.5;1
20131202 010000;1247.5;1
20131202 010000;1247.5;1
20131202 010000;1247.5;2
20131202 010000;1247.7;1
20131202 010000;1247.7;1
20131202 010001;1247.7;1
20131202 010001;1247.8;1
20131202 010001;1247.8;1
20131202 010001;1247.8;2
20131202 010001;1247.6;1
20131202 010001;1247.5;1
20131202 010001;1247.7;1
20131202 010001;1247.8;2
20131202 010001;1247.8;1
20131202 010001;1247.8;1
20131202 010001;1247.8;1
20131202 010001;1247.9;1
20131202 010001;1247.9;1
20131202 010001;1247.9;1
20131202 010001;1247.9;1
20131202 010001;1247.9;2
20131202 010001;1247.9;1
20131202 010001;1247.9;1
20131202 010001;1248;1
20131202 010001;1248;1
20131202 010001;1248;1
20131202 010001;1248;1
20131202 010001;1248;1
20131202 010001;1248;1
20131202 010001;1248;1
20131202 010001;1248;1
20131202 010001;1248.1;1
20131202 010001;1248;1
20131202 010001;1247.8;1
20131202 010001;1247.8;1
20131202 010001;1247.8;1
20131202 010001;1247.8;1
20131202 010001;1247.8;1
20131202 010001;1247.8;1
20131202 010001;1247.8;1
20131202 010002;1247.9;1
20131202 010002;1247.9;1
20131202 010002;1247.9;1
20131202 010002;1247.8;1
20131202 010002;1247.7;1
20131202 010003;1247.8;1
20131202 010003;1247.8;1
20131202 010003;1247.8;1
20131202 010003;1247.8;1
20131202 010003;1247.9;1
20131202 010003;1247.8;1
20131202 010003;1247.9;1
20131202 010003;1248;1
20131202 010003;1247.8;1
20131202 010003;1247.7;1
20131202 010003;1247.7;1
20131202 010003;1247.7;1
20131202 010003;1247.7;1
20131202 010003;1247.7;1
20131202 010003;1247.6;1
20131202 010003;1247.6;1
20131202 010003;1247.7;1
20131202 010003;1247.6;1
20131202 010003;1247.5;1
20131202 010003;1247.6;1
20131202 010004;1247.6;1
20131202 010004;1247.7;1
20131202 010004;1247.6;1
20131202 010004;1247.7;1
20131202 010005;1247.7;1
20131202 010005;1247.6;1
20131202 010006;1247.7;1
20131202 010009;1247.6;1
20131202 010009;1247.7;1
20131202 010009;1247.7;1
20131202 010009;1247.7;1
20131202 010009;1247.7;1
20131202 010009;1247.7;2
20131202 010009;1247.7;1
20131202 010011;1247.7;1
20131202 010012;1247.6;1
20131202 010014;1247.6;1
20131202 010015;1247.6;1
20131202 010016;1247.6;1
20131202 010016;1247.6;1
20131202 010016;1247.5;1
20131202 010017;1247.5;1
20131202 010017;1247.5;1
20131202 010017;1247.5;2
20131202 010020;1247.5;1
20131202 010022;1247.5;3
20131202 010023;1247.5;1
20131202 010025;1247.6;1
20131202 010025;1247.6;1
20131202 010025;1247.6;1
20131202 010028;1247.4;1
20131202 010032;1247.5;1
20131202 010033;1247.6;1
20131202 010035;1247.6;1
20131202 010035;1247.6;3
20131202 010035;1247.6;5
20131202 010035;1247.6;1
20131202 010035;1247.6;4
20131202 010035;1247.6;1
20131202 010035;1247.6;1
20131202 010037;1247.5;1
20131202 010039;1247.5;1
20131202 010040;1247.5;1
20131202 010040;1247.5;2
20131202 010040;1247.5;1
20131202 010041;1247.4;1
20131202 010041;1247.4;1
20131202 010041;1247.4;3
20131202 010041;1247.4;1
20131202 010041;1247.4;1
20131202 010042;1247.3;1
20131202 010042;1247.3;2
20131202 010045;1247.3;2
20131202 010045;1247.3;1
20131202 010045;1247.3;1
20131202 010046;1247.2;2
20131202 010046;1247.2;1
20131202 010046;1247.2;2
20131202 010046;1247.2;1
20131202 010046;1247.2;1
20131202 010046;1247.2;1
20131202 010047;1247.3;1
20131202 010047;1247.3;1
20131202 010047;1247.3;1
20131202 010047;1247.3;2
20131202 010047;1247.3;1
20131202 010047;1247.3;1
20131202 010047;1247.4;1
20131202 010047;1247.4;1
20131202 010047;1247.4;1
20131202 010047;1247.4;2
20131202 010048;1247.4;1
20131202 010055;1247.3;1
20131202 010055;1247.3;1
20131202 010057;1247.3;1
20131202 010059;1247.3;1
20131202 010100;1247.3;1
20131202 010103;1247.3;1
20131202 010105;1247.3;1
20131202 010105;1247.2;1
20131202 010107;1247.2;1
20131202 010107;1247.2;1
20131202 010107;1247.2;1
20131202 010107;1247.2;1
20131202 010107;1247.2;1
20131202 010107;1247.2;1
20131202 010107;1247.2;1
20131202 010107;1247.2;1
20131202 010107;1247.2;1
20131202 010107;1247.2;1
20131202 010107;1247.1;1
20131202 010107;1247.1;4
20131202 010107;1247.2;2
20131202 010107;1247.2;2
20131202 010107;1247.2;1
20131202 010107;1247.3;1
20131202 010107;1247.3;1
20131202 010107;1247.3;2
20131202 010107;1247.3;1
20131202 010108;1247.2;1
20131202 010108;1247.2;2
20131202 010108;1247.2;1
20131202 010108;1247.1;2
20131202 010108;1247.1;3
20131202 010110;1247.1;1
20131202 010110;1247.1;2
20131202 010110;1247.1;1
20131202 010110;1247.1;1
20131202 010110;1247.1;1
20131202 010110;1247.1;1
20131202 010111;1247.1;1
20131202 010111;1247.1;1
20131202 010111;1247.1;1
20131202 010111;1247.1;1
20131202 010111;1247;1
20131202 010112;1247;1
20131202 010112;1247;1
20131202 010112;1247;1
20131202 010113;1247.2;1
20131202 010114;1247;1
20131202 010114;1247;1
20131202 010116;1247;3
20131202 010116;1247;1
20131202 010116;1247;3
20131202 010116;1247;1
20131202 010116;1247;1
20131202 010116;1247;1
20131202 010116;1247;1
20131202 010118;1247.1;1
20131202 010118;1247.1;1
20131202 010118;1247.1;1
20131202 010118;1247.2;4
20131202 010118;1247.3;1
20131202 010121;1247.2;1
20131202 010121;1247.2;1
20131202 010121;1247.2;1
20131202 010121;1247.2;1
20131202 010121;1247.2;1
20131202 010121;1247.2;1
20131202 010125;1247;1
20131202 010135;1247;1
20131202 010141;1247.1;1
20131202 010141;1247.2;3
20131202 010141;1247.2;1
20131202 010143;1247.1;1
20131202 010148;1247.1;1
20131202 010148;1247.1;1
20131202 010148;1247.1;1
20131202 010148;1247.1;1
20131202 010149;1247.1;1
20131202 010150;1247.2;1
20131202 010154;1247.1;1
20131202 010155;1247.1;1
20131202 010157;1247.2;1
20131202 010157;1247.2;1
20131202 010200;1247.2;1
20131202 010200;1247.2;2
20131202 010201;1247.2;3
20131202 010201;1247.2;1
20131202 010201;1247.1;1
20131202 010201;1247.1;1
20131202 010212;1247.1;1
20131202 010214;1247;3
20131202 010214;1247;1
20131202 010215;1247;1
20131202 010216;1247;1
20131202 010216;1246.9;2
20131202 010216;1246.9;1
20131202 010216;1246.9;1
20131202 010216;1246.9;1
20131202 010216;1246.9;1
20131202 010217;1246.9;1
20131202 010217;1246.9;1
20131202 010218;1247;1
20131202 010218;1247;1
20131202 010219;1246.9;1
20131202 010219;1246.9;1
20131202 010222;1247;1
20131202 010222;1247;1
20131202 010222;1247;1
20131202 010222;1247;1
20131202 010225;1247;1
20131202 010228;1247;1
20131202 010228;1247;1
20131202 010228;1247;1
20131202 010228;1247;1
20131202 010232;1247;1
20131202 010233;1247;1
20131202 010237;1246.9;1
20131202 010238;1246.9;1
20131202 010238;1246.8;1
20131202 010238;1246.8;1
20131202 010238;1246.8;1
20131202 010238;1246.8;1
20131202 010238;1246.8;2
20131202 010238;1246.8;3
20131202 010238;1246.8;1
20131202 010238;1246.8;1
20131202 010238;1246.9;1
20131202 010238;1246.9;1
20131202 010238;1246.9;2
20131202 010238;1246.9;2
20131202 010238;1246.9;2
20131202 010243;1246.9;2
20131202 010243;1246.9;1
20131202 010243;1246.9;1
20131202 010250;1246.9;2
20131202 010254;1246.8;1
20131202 010254;1246.8;1
20131202 010254;1246.8;1
20131202 010254;1246.8;1
20131202 010254;1246.8;1
20131202 010254;1246.8;1
20131202 010254;1246.8;1
20131202 010255;1246.8;1
20131202 010255;1246.8;1
20131202 010256;1246.8;1
20131202 010256;1246.7;3
20131202 010256;1246.7;2
20131202 010256;1246.7;1
20131202 010256;1246.8;1
20131202 010256;1246.7;1
20131202 010257;1246.7;1
20131202 010301;1246.7;1
20131202 010301;1246.7;1
20131202 010301;1246.8;1
20131202 010301;1246.7;1
20131202 010301;1246.7;2
20131202 010301;1246.7;1
20131202 010301;1246.7;2
20131202 010302;1246.7;3
20131202 010302;1246.7;10
20131202 010302;1246.7;3
20131202 010302;1246.7;2
20131202 010302;1246.7;2
20131202 010302;1246.7;1
20131202 010302;1246.7;1
20131202 010303;1246.6;1
20131202 010303;1246.6;2
20131202 010303;1246.6;2
20131202 010303;1246.6;1
20131202 010303;1246.6;1
20131202 010303;1246.6;1
20131202 010303;1246.6;1
20131202 010303;1246.5;1
20131202 010303;1246.5;1
20131202 010303;1246.5;1
20131202 010303;1246.5;1
20131202 010303;1246.5;1
20131202 010303;1246.5;1
20131202 010303;1246.5;2
20131202 010303;1246.5;1
20131202 010303;1246.6;2
20131202 010303;1246.6;1
20131202 010303;1246.6;1
20131202 010303;1246.5;1
20131202 010303;1246.5;1
20131202 010303;1246.5;1
20131202 010303;1246.5;1
20131202 010303;1246.5;1
20131202 010304;1246.6;1
20131202 010304;1246.5;1
20131202 010304;1246.5;1
20131202 010305;1246.4;3
20131202 010305;1246.4;1
20131202 010305;1246.4;2
20131202 010305;1246.4;1
20131202 010305;1246.4;1
20131202 010305;1246.4;1
20131202 010305;1246.4;1
20131202 010305;1246.4;1
20131202 010305;1246.4;1
20131202 010305;1246.4;1
20131202 010305;1246.4;1
20131202 010305;1246.4;1
20131202 010305;1246.4;1
20131202 010305;1246.4;1
20131202 010305;1246.4;1
20131202 010305;1246.4;1
20131202 010305;1246.4;1
20131202 010305;1246.4;1
20131202 010305;1246.4;1
20131202 010305;1246.4;1
20131202 010305;1246.4;1
20131202 010305;1246.4;1
20131202 010305;1246.4;1
20131202 010305;1246.4;1
20131202 010305;1246.4;1
20131202 010305;1246.3;1
20131202 010305;1246.3;2
20131202 010305;1246.3;1
20131202 010305;1246.4;1
20131202 010305;1246.4;3
20131202 010305;1246.4;1
20131202 010305;1246.5;1
20131202 010305;1246.5;1
20131202 010306;1246.4;1
20131202 010306;1246.4;1
20131202 010306;1246.4;1
20131202 010306;1246.3;1
20131202 010307;1246.4;1
20131202 010307;1246.3;1
20131202 010308;1246.3;1
20131202 010308;1246.3;1
20131202 010308;1246.3;2
20131202 010308;1246.4;1
20131202 010308;1246.4;1
20131202 010308;1246.4;1
20131202 010309;1246.4;1
20131202 010309;1246.4;1
20131202 010309;1246.4;1
20131202 010309;1246.4;1
20131202 010309;1246.4;1
20131202 010309;1246.3;1
20131202 010309;1246.4;1
20131202 010309;1246.4;1
20131202 010309;1246.3;1
20131202 010309;1246.3;1
20131202 010309;1246.3;1
20131202 010310;1246.3;1
20131202 010310;1246.4;2
20131202 010310;1246.4;1
20131202 010310;1246.4;1
20131202 010310;1246.3;2
20131202 010310;1246.3;2
20131202 010310;1246.3;1
20131202 010310;1246.3;1
20131202 010310;1246.3;1
20131202 010310;1246.3;1
20131202 010310;1246.3;1
20131202 010310;1246.3;1
20131202 010310;1246.3;1
20131202 010310;1246.3;1
20131202 010310;1246.3;1
20131202 010310;1246.3;1
20131202 010310;1246.3;1
20131202 010310;1246.3;1
20131202 010310;1246.3;3
20131202 010310;1246.3;1
20131202 010310;1246.2;1
20131202 010310;1246.2;3
20131202 010310;1246.2;2
20131202 010310;1246.2;1
20131202 010310;1246.2;1
20131202 010310;1246.2;1
20131202 010310;1246.2;1
20131202 010310;1246.2;1
20131202 010310;1246.2;1
20131202 010310;1246.2;1
20131202 010310;1246.2;1
20131202 010310;1246.2;1
20131202 010310;1246.2;1
20131202 010310;1246.2;1
20131202 010310;1246.2;1
20131202 010310;1246.2;1
20131202 010310;1246.2;4
20131202 010310;1246.2;1
20131202 010310;1246.1;10
20131202 010310;1246.1;1
20131202 010310;1246.1;3
20131202 010310;1246.1;1
20131202 010310;1246.1;1
20131202 010310;1246.1;1
20131202 010310;1246.1;1
20131202 010310;1246.1;1
20131202 010310;1246.1;1
20131202 010310;1246.1;1
20131202 010310;1246.1;1
20131202 010310;1246.1;1
20131202 010310;1246.1;1
20131202 010310;1246;1
20131202 010310;1246;5
20131202 010310;1246;2
20131202 010310;1246;2
20131202 010310;1246;1
20131202 010310;1246;1
20131202 010310;1246;1
20131202 010310;1246;1
20131202 010310;1246;1
20131202 010310;1246;1
20131202 010310;1246;1
20131202 010310;1246;1
20131202 010310;1246;1
20131202 010310;1246;1
20131202 010310;1246;1
20131202 010310;1245.9;1
20131202 010310;1245.9;3
20131202 010310;1245.9;1
20131202 010310;1245.9;1
20131202 010310;1245.9;1
20131202 010310;1245.9;1
20131202 010310;1245.9;1
20131202 010310;1245.8;3
20131202 010310;1245.8;1
20131202 010310;1245.8;3
20131202 010310;1245.8;1
20131202 010310;1245.8;1
20131202 010310;1245.8;1
20131202 010310;1245.8;1
20131202 010310;1245.8;1
20131202 010310;1245.8;1
20131202 010310;1245.8;1
20131202 010310;1245.8;1
20131202 010310;1245.8;1
20131202 010310;1245.8;1
20131202 010310;1245.7;1
20131202 010310;1245.7;2
20131202 010310;1245.7;1
20131202 010310;1245.7;1
20131202 010310;1245.7;1
20131202 010310;1245.6;1
20131202 010310;1245.6;1
20131202 010310;1245.6;1
20131202 010310;1245.6;1
20131202 010310;1245.6;1
20131202 010310;1245.6;1
20131202 010310;1245.6;1
20131202 010310;1245.5;2
20131202 010310;1245.5;2
20131202 010310;1245.5;1
20131202 010310;1245.5;1
20131202 010310;1245.5;1
20131202 010310;1245.5;1
20131202 010310;1245.5;1
20131202 010310;1245.5;1
20131202 010310;1245.5;1
20131202 010310;1245.8;1
20131202 010310;1245.8;1
20131202 010310;1245.8;1
20131202 010310;1245.8;1
20131202 010310;1245.7;1
20131202 010310;1245.8;1
20131202 010310;1245.7;1
20131202 010310;1245.7;1
20131202 010310;1245.8;1
20131202 010310;1245.8;1
20131202 010310;1245.8;1
20131202 010310;1245.9;1
20131202 010310;1245.8;1
20131202 010310;1245.9;1
20131202 010310;1245.8;1
20131202 010310;1245.8;1
20131202 010310;1245.8;1
20131202 010310;1245.8;1
20131202 010310;1245.8;1
20131202 010310;1245.8;1
20131202 010310;1245.9;1
20131202 010311;1245.8;1
20131202 010311;1245.8;1
20131202 010311;1245.7;1
20131202 010311;1245.7;1
20131202 010311;1245.7;1
20131202 010312;1245.7;2
20131202 010312;1245.7;1
20131202 010312;1245.7;1
20131202 010312;1245.7;1
20131202 010312;1245.7;1
20131202 010312;1245.7;1
20131202 010312;1245.7;1
20131202 010313;1245.7;1
20131202 010313;1245.7;1
20131202 010314;1245.7;1
20131202 010314;1245.7;1
20131202 010314;1245.8;1
20131202 010314;1245.8;1
20131202 010314;1245.8;1
20131202 010314;1245.8;1
20131202 010314;1245.8;1
20131202 010314;1245.8;1
20131202 010314;1245.8;1
20131202 010314;1245.8;1
20131202 010314;1245.8;1
20131202 010314;1245.8;1
20131202 010314;1245.8;1
20131202 010314;1245.8;1
20131202 010314;1245.8;2
20131202 010314;1245.8;1
20131202 010315;1245.8;1
20131202 010315;1245.9;1
20131202 010315;1245.8;1
20131202 010316;1245.9;1
20131202 010316;1245.9;1
20131202 010316;1245.9;1
20131202 010316;1245.9;1
20131202 010316;1245.9;1
20131202 010316;1245.9;1
20131202 010316;1245.9;1
20131202 010316;1245.9;1
20131202 010317;1245.8;1
20131202 010317;1245.9;1
20131202 010317;1245.9;1
20131202 010318;1245.8;1
20131202 010320;1245.8;1
20131202 010321;1245.8;1
20131202 010321;1245.8;1
20131202 010321;1245.8;1
20131202 010321;1245.8;1
20131202 010321;1245.8;1
20131202 010321;1245.7;1
20131202 010321;1245.7;1
20131202 010321;1245.7;1
20131202 010321;1245.7;1
20131202 010322;1245.7;2
20131202 010323;1245.8;1
20131202 010324;1245.8;1
20131202 010325;1245.8;1
20131202 010325;1245.8;1
20131202 010325;1245.8;1
20131202 010325;1245.8;1
20131202 010325;1245.8;2
20131202 010325;1245.8;1
20131202 010325;1245.8;1
20131202 010325;1245.8;1
20131202 010325;1245.8;1
20131202 010326;1245.8;1
20131202 010327;1245.8;1
20131202 010327;1245.8;1
20131202 010327;1245.8;2
20131202 010327;1245.8;1
20131202 010327;1245.8;1
20131202 010327;1245.8;1
20131202 010327;1245.7;3
20131202 010327;1245.7;1
20131202 010327;1245.7;1
20131202 010328;1245.7;3
20131202 010328;1245.7;1
20131202 010328;1245.7;1
20131202 010328;1245.7;1
20131202 010328;1245.7;1
20131202 010329;1245.6;1
20131202 010329;1245.6;1
20131202 010329;1245.7;1
20131202 010329;1245.7;1
20131202 010329;1245.7;1
20131202 010329;1245.7;1
20131202 010329;1245.7;1
20131202 010329;1245.7;1
20131202 010329;1245.6;1
20131202 010329;1245.6;1
20131202 010330;1245.7;1
20131202 010330;1245.7;2
20131202 010331;1245.6;1
20131202 010332;1245.5;1
20131202 010332;1245.5;1
20131202 010332;1245.5;1
20131202 010332;1245.5;1
20131202 010332;1245.5;1
20131202 010332;1245.5;1
20131202 010332;1245.5;1
20131202 010332;1245.5;1
20131202 010332;1245.5;1
20131202 010332;1245.5;1
20131202 010332;1245.5;3
20131202 010332;1245.5;1
20131202 010332;1245.5;1
20131202 010332;1245.6;1
20131202 010332;1245.6;1
20131202 010332;1245.5;1
20131202 010333;1245.5;1
20131202 010333;1245.5;1
20131202 010334;1245.6;1
20131202 010334;1245.5;1
20131202 010334;1245.5;1
20131202 010334;1245.5;1
20131202 010334;1245.5;1
20131202 010334;1245.6;1
20131202 010334;1245.6;1
20131202 010334;1245.6;1
20131202 010334;1245.6;1
20131202 010334;1245.6;2
20131202 010334;1245.6;2
20131202 010334;1245.6;4
20131202 010334;1245.5;1
20131202 010334;1245.5;1
20131202 010334;1245.5;1
20131202 010334;1245.5;1
20131202 010334;1245.5;1
20131202 010334;1245.4;1
20131202 010334;1245.4;1
20131202 010334;1245.4;1
20131202 010334;1245.4;1
20131202 010334;1245.4;1
20131202 010334;1245.4;1
20131202 010334;1245.4;1
20131202 010335;1245.4;1
20131202 010335;1245.5;1
20131202 010335;1245.5;2
20131202 010335;1245.4;1
20131202 010335;1245.4;1
20131202 010335;1245.4;2
20131202 010335;1245.3;1
20131202 010335;1245.5;1
20131202 010335;1245.5;1
20131202 010335;1245.5;1
20131202 010335;1245.5;3
20131202 010336;1245.5;1
20131202 010336;1245.4;1
20131202 010336;1245.5;1
20131202 010336;1245.5;1
20131202 010336;1245.4;1
20131202 010337;1245.5;1
20131202 010337;1245.4;1
20131202 010338;1245.4;2
20131202 010338;1245.4;1
20131202 010339;1245.3;1
20131202 010340;1245.4;1
20131202 010340;1245.4;1
20131202 010342;1245.5;1
20131202 010342;1245.5;1
20131202 010342;1245.5;2
20131202 010342;1245.5;1
20131202 010342;1245.5;1
20131202 010342;1245.5;1
20131202 010343;1245.5;1
20131202 010345;1245.6;1
20131202 010345;1245.6;1
20131202 010345;1245.6;1
20131202 010345;1245.6;1
20131202 010346;1245.6;1
20131202 010346;1245.6;1
20131202 010346;1245.6;1
20131202 010346;1245.5;1
20131202 010346;1245.5;1
20131202 010348;1245.5;1
20131202 010348;1245.5;1
20131202 010349;1245.4;2
20131202 010349;1245.4;1
20131202 010349;1245.5;1
20131202 010349;1245.5;1
20131202 010349;1245.5;1
20131202 010349;1245.6;1
20131202 010351;1245.6;2
20131202 010351;1245.7;1
20131202 010351;1245.7;1
20131202 010352;1245.5;1
20131202 010352;1245.5;1
20131202 010355;1245.5;1
20131202 010355;1245.5;1
20131202 010356;1245.6;1
20131202 010356;1245.5;1
20131202 010357;1245.5;1
20131202 010357;1245.6;1
20131202 010357;1245.6;1
20131202 010359;1245.6;1
20131202 010359;1245.6;2
20131202 010400;1245.6;2
20131202 010402;1245.6;1
20131202 010402;1245.7;1
20131202 010402;1245.7;1
20131202 010402;1245.7;1
20131202 010402;1245.7;1
20131202 010402;1245.7;1
20131202 010402;1245.7;1
20131202 010406;1245.8;1
20131202 010406;1245.8;1
20131202 010406;1245.8;1
20131202 010406;1245.8;1
20131202 010406;1245.9;1
20131202 010406;1245.9;1
20131202 010406;1245.9;1
20131202 010406;1245.9;1
20131202 010406;1245.9;1
20131202 010406;1245.9;2
20131202 010406;1245.9;1
20131202 010406;1245.9;1
20131202 010407;1245.7;1
20131202 010407;1245.7;1
20131202 010413;1245.7;1
20131202 010413;1245.7;1
20131202 010413;1245.7;1
20131202 010413;1245.7;1
20131202 010413;1245.7;1
20131202 010414;1245.9;1
20131202 010414;1245.9;1
20131202 010414;1245.9;1
20131202 010414;1245.9;1
20131202 010416;1245.9;1
20131202 010416;1245.9;1
20131202 010418;1246;1
20131202 010418;1245.9;1
20131202 010419;1246;1
20131202 010420;1246;1
20131202 010422;1246;1
20131202 010422;1246;10
20131202 010422;1246;1
20131202 010422;1246;1
20131202 010422;1246;1
20131202 010423;1246;1
20131202 010423;1245.9;7
20131202 010423;1245.9;1
20131202 010423;1245.8;1
20131202 010423;1245.8;1
20131202 010423;1245.8;1
20131202 010429;1245.9;1
20131202 010432;1245.9;1
20131202 010435;1245.9;1
20131202 010435;1245.9;1
20131202 010436;1245.9;1
20131202 010438;1246;1
20131202 010444;1245.9;6
20131202 010444;1245.9;1
20131202 010445;1245.9;1
20131202 010445;1245.9;1
20131202 010446;1245.9;1
20131202 010446;1246;2
20131202 010447;1245.9;2
20131202 010455;1245.9;1
20131202 010457;1246;1
20131202 010457;1246;1
20131202 010534;1246;1
20131202 010543;1246;1
20131202 010543;1246;1
20131202 010544;1246;1
20131202 010551;1246;1
20131202 010551;1245.9;1
20131202 010557;1246;1
20131202 010557;1246;1
20131202 010600;1246;1
20131202 010600;1246;1
20131202 010602;1245.9;1
20131202 010604;1245.9;1
20131202 010604;1245.9;1
20131202 010604;1245.9;1
20131202 010604;1245.9;2
20131202 010604;1245.9;1
20131202 010607;1245.9;2
20131202 010607;1246;1
20131202 010614;1246;1
20131202 010616;1246;3
20131202 010616;1246;1
20131202 010616;1246;1
20131202 010618;1246;1
20131202 010624;1246;1
20131202 010625;1246;3
20131202 010625;1246;1
20131202 010629;1246;1
20131202 010629;1246;1
20131202 010629;1245.9;1
20131202 010631;1246;3
20131202 010638;1246;1
20131202 010639;1246;1
20131202 010640;1245.9;1
20131202 010640;1245.9;1
20131202 010640;1245.8;1
20131202 010640;1245.8;1
20131202 010644;1245.9;1
20131202 010653;1245.9;1
20131202 010655;1246;2
20131202 010655;1246;2
20131202 010704;1246;1
20131202 010706;1246;1
20131202 010707;1246;1
20131202 010708;1246;1
20131202 010709;1246;1
20131202 010715;1246;2
20131202 010715;1246;1
20131202 010728;1246;1
20131202 010731;1246;1
20131202 010740;1246.1;1
20131202 010740;1246.1;1
20131202 010740;1246.1;1
20131202 010740;1246;3
20131202 010742;1246;1
20131202 010742;1246;1
20131202 010744;1246.1;1
20131202 010745;1246;3
20131202 010745;1246;1
20131202 010745;1245.9;1
20131202 010745;1245.9;1
20131202 010745;1245.9;1
20131202 010810;1246;2
20131202 010811;1246;2
20131202 010811;1245.9;1
20131202 010811;1245.9;1
20131202 010811;1245.9;1
20131202 010815;1246;1
20131202 010822;1246;2
20131202 010822;1246;1
20131202 010823;1246;1
20131202 010824;1246;1
20131202 010829;1246;1
20131202 010830;1246.1;1
20131202 010831;1246.1;1
20131202 010831;1246.1;1
20131202 010831;1246.1;1
20131202 010832;1246.1;1
20131202 010848;1246.2;1
20131202 010901;1246.1;1
20131202 010901;1246.1;1
20131202 010906;1246;1
20131202 010906;1246;1
20131202 010907;1246.1;2
20131202 010907;1246;2
20131202 010909;1246;1
20131202 010910;1246.1;1
20131202 010910;1246;1
20131202 010923;1245.9;1
20131202 010929;1245.9;4
20131202 010929;1245.9;1
20131202 010929;1245.9;1
20131202 010929;1245.9;1
20131202 010929;1245.9;1
20131202 010929;1245.9;1
20131202 010929;1245.9;1
20131202 010932;1245.9;1
20131202 010933;1245.9;2
20131202 010933;1245.9;1
20131202 010936;1245.9;1
20131202 010943;1246;1
20131202 010943;1246;1
20131202 010952;1245.9;1
20131202 010952;1245.9;1
20131202 010952;1245.9;1
20131202 011005;1245.9;1
20131202 011012;1245.8;2
20131202 011012;1245.8;1
20131202 011015;1245.9;1
20131202 011017;1245.9;1
20131202 011017;1245.9;1
20131202 011017;1245.9;1
20131202 011025;1245.9;1
20131202 011026;1245.9;1
20131202 011028;1245.9;1
20131202 011028;1245.9;1
20131202 011029;1245.9;1
20131202 011029;1245.9;1
20131202 011029;1246;1
20131202 011029;1246;4
20131202 011029;1246;2
20131202 011042;1245.9;2
20131202 011042;1245.9;1
20131202 011042;1245.9;1
20131202 011047;1245.9;1
20131202 011049;1245.9;1
20131202 011049;1245.9;1
20131202 011051;1245.9;1
20131202 011051;1245.9;1
20131202 011051;1245.9;1
20131202 011052;1245.9;1
20131202 011052;1245.9;1
20131202 011052;1245.9;1
20131202 011052;1245.9;1
20131202 011103;1246;1
20131202 011109;1246;1
20131202 011110;1246;1
20131202 011114;1246;1
20131202 011130;1245.9;1
20131202 011130;1245.9;1
20131202 011134;1246;1
20131202 011137;1245.9;1
20131202 011137;1245.9;1
20131202 011137;1245.9;1
20131202 011137;1245.9;1
20131202 011141;1246;1
20131202 011141;1246;2
20131202 011141;1246;1
20131202 011141;1246;1
20131202 011142;1246;1
20131202 011150;1246;1
20131202 011150;1246;1
20131202 011150;1246;1
20131202 011150;1246;1
20131202 011151;1246;1
20131202 011152;1246;1
20131202 011152;1246;1
20131202 011152;1246;4
20131202 011152;1246;1
20131202 011152;1246;1
20131202 011156;1246;1
20131202 011156;1246;1
20131202 011200;1246;1
20131202 011200;1246;1
20131202 011200;1246;1
20131202 011202;1246;1
20131202 011202;1246;1
20131202 011204;1246;1
20131202 011204;1246;1
20131202 011204;1246;1
20131202 011204;1246;1
20131202 011205;1246;1
20131202 011206;1245.9;1
20131202 011206;1245.9;1
20131202 011207;1245.9;1
20131202 011207;1245.9;1
20131202 011208;1245.9;1
20131202 011208;1245.9;1
20131202 011208;1245.9;1
20131202 011208;1245.9;1
20131202 011208;1245.9;1
20131202 011208;1245.9;1
20131202 011208;1245.9;1
20131202 011208;1245.9;1
20131202 011208;1246;2
20131202 011208;1246;1
20131202 011208;1246;1
20131202 011209;1246;1
20131202 011209;1246;1
20131202 011209;1246;1
20131202 011211;1246;1
20131202 011211;1246;1
20131202 011214;1246;1
20131202 011214;1246;1
20131202 011215;1246;1
20131202 011219;1246.1;1
20131202 011225;1246;1
20131202 011227;1246;2
20131202 011229;1246;3
20131202 011229;1246;2
20131202 011234;1245.9;1
20131202 011234;1245.9;1
20131202 011234;1245.9;1
20131202 011235;1246;1
20131202 011235;1246;1
20131202 011237;1245.9;1
20131202 011238;1245.9;1
20131202 011239;1245.9;1
20131202 011240;1245.9;1
20131202 011240;1246;1
20131202 011240;1246;1
20131202 011240;1246;1
20131202 011240;1246;1
20131202 011240;1246;6
20131202 011242;1245.9;1
20131202 011242;1245.9;1
20131202 011242;1245.9;1
20131202 011242;1245.9;1
20131202 011242;1245.9;1
20131202 011242;1245.9;1
20131202 011242;1245.9;1
20131202 011242;1245.9;1
20131202 011242;1245.9;1
20131202 011244;1245.9;1
20131202 011250;1245.9;1
20131202 011254;1245.8;1
20131202 011255;1245.8;1
20131202 011255;1245.8;1
20131202 011255;1245.8;1
20131202 011256;1245.8;1
20131202 011258;1245.8;1
20131202 011300;1245.8;1
20131202 011309;1245.8;1
20131202 011310;1245.8;1
20131202 011312;1245.9;1
20131202 011312;1245.8;1
20131202 011312;1245.8;1
20131202 011321;1245.8;1
20131202 011322;1245.8;1
20131202 011325;1245.8;1
20131202 011325;1245.9;1
20131202 011325;1245.9;1
20131202 011325;1245.9;1
20131202 011326;1245.9;3
20131202 011326;1245.9;2
20131202 011326;1245.9;2
20131202 011328;1245.9;1
20131202 011341;1245.9;2
20131202 011342;1245.9;1
20131202 011349;1245.9;1
20131202 011352;1245.9;3
20131202 011352;1245.9;1
20131202 011352;1245.9;1
20131202 011400;1246;1
20131202 011403;1245.9;3
20131202 011404;1245.9;1
20131202 011404;1245.9;1
20131202 011424;1245.9;1
20131202 011424;1245.9;1
20131202 011424;1245.9;1
20131202 011424;1245.9;1
20131202 011424;1245.9;1
20131202 011426;1246;1
20131202 011426;1246;1
20131202 011427;1246;1
20131202 011427;1246;1
20131202 011435;1246;1
20131202 011448;1246.1;3
20131202 011457;1246.1;2
20131202 011500;1246;1
20131202 011501;1246.1;1
20131202 011501;1246.2;3
20131202 011501;1246.2;1
20131202 011501;1246.2;1
20131202 011501;1246.2;1
20131202 011501;1246.2;1
20131202 011501;1246.2;1
20131202 011509;1246.2;1
20131202 011511;1246.2;1
20131202 011511;1246.2;1
20131202 011511;1246.2;1
20131202 011511;1246.1;1
20131202 011512;1246.1;1
20131202 011512;1246.2;1
20131202 011512;1246.2;3
20131202 011514;1246.1;1
20131202 011519;1246.2;1
20131202 011519;1246.2;1
20131202 011519;1246.2;1
20131202 011519;1246.2;1
20131202 011521;1246.1;1
20131202 011521;1246.1;3
20131202 011521;1246.1;3
20131202 011521;1246.2;1
20131202 011522;1246.2;1
20131202 011522;1246.2;3
20131202 011522;1246.2;1
20131202 011522;1246.2;1
20131202 011526;1246.2;1
20131202 011533;1246.2;1
20131202 011536;1246.3;1
20131202 011538;1246.2;1
20131202 011538;1246.3;1
20131202 011538;1246.3;1
20131202 011538;1246.3;2
20131202 011538;1246.3;1
20131202 011538;1246.3;11
20131202 011538;1246.3;1
20131202 011538;1246.3;1
20131202 011538;1246.3;1
20131202 011538;1246.3;1
20131202 011538;1246.3;1
20131202 011538;1246.3;1
20131202 011538;1246.3;1
20131202 011538;1246.3;1
20131202 011538;1246.3;1
20131202 011538;1246.3;1
20131202 011542;1246.4;1
20131202 011542;1246.4;1
20131202 011542;1246.4;1
20131202 011542;1246.4;1
20131202 011542;1246.4;1
20131202 011542;1246.4;1
20131202 011542;1246.4;1
20131202 011547;1246.5;1
20131202 011547;1246.5;1
20131202 011547;1246.5;2
20131202 011547;1246.5;1
20131202 011550;1246.5;1
20131202 011551;1246.6;1
20131202 011551;1246.6;1
20131202 011551;1246.6;1
20131202 011551;1246.6;1
20131202 011551;1246.6;1
20131202 011551;1246.6;1
20131202 011551;1246.6;1
20131202 011551;1246.6;1
20131202 011551;1246.6;1
20131202 011551;1246.6;1
20131202 011551;1246.6;1
20131202 011554;1246.5;1
20131202 011554;1246.6;3
20131202 011554;1246.6;1
20131202 011554;1246.6;2
20131202 011554;1246.6;3
20131202 011554;1246.6;2
20131202 011554;1246.5;1
20131202 011555;1246.5;1
20131202 011555;1246.5;1
20131202 011555;1246.5;1
20131202 011556;1246.5;1
20131202 011559;1246.5;1
20131202 011602;1246.5;1
20131202 011605;1246.5;1
20131202 011607;1246.5;1
20131202 011610;1246.5;1
20131202 011612;1246.5;1
20131202 011613;1246.4;1
20131202 011615;1246.5;1
20131202 011615;1246.5;1
20131202 011615;1246.5;1
20131202 011615;1246.5;1
20131202 011615;1246.5;2
20131202 011619;1246.5;1
20131202 011628;1246.4;2
20131202 011634;1246.4;1
20131202 011635;1246.4;1
20131202 011635;1246.4;1
20131202 011638;1246.4;2
20131202 011639;1246.3;1
20131202 011645;1246.3;1
20131202 011645;1246.3;1
20131202 011652;1246.3;1
20131202 011652;1246.2;1
20131202 011652;1246.2;1
20131202 011652;1246.2;1
20131202 011655;1246.2;1
20131202 011708;1246.2;1
20131202 011711;1246.1;1
20131202 011711;1246.1;1
20131202 011711;1246.1;3
20131202 011711;1246;1
20131202 011711;1246;1
20131202 011712;1246;1
20131202 011712;1246;1
20131202 011713;1245.9;1
20131202 011713;1245.9;1
20131202 011713;1245.9;1
20131202 011714;1245.9;1
20131202 011714;1245.9;1
20131202 011716;1246;1
20131202 011716;1246;2
20131202 011716;1246;1
20131202 011717;1246;2
20131202 011721;1246;1
20131202 011722;1246;1
20131202 011723;1246;1
20131202 011726;1245.9;1
20131202 011726;1245.9;1
20131202 011726;1245.9;1
20131202 011734;1246;1
20131202 011735;1245.9;1
20131202 011736;1245.9;1
20131202 011739;1245.9;1
20131202 011739;1245.9;1
20131202 011742;1246;1
20131202 011744;1245.9;1
20131202 011744;1246;1
20131202 011744;1246;1
20131202 011745;1246;1
20131202 011745;1246;1
20131202 011745;1245.9;1
20131202 011749;1245.9;1
20131202 011753;1246;1
20131202 011805;1245.9;1
20131202 011812;1245.9;1
20131202 011814;1245.8;1
20131202 011823;1245.9;1
20131202 011825;1245.9;1
20131202 011825;1245.9;1
20131202 011826;1245.9;2
20131202 011826;1245.9;3
20131202 011826;1245.9;1
20131202 011826;1245.9;2
20131202 011831;1245.9;1
20131202 011831;1246;1
20131202 011831;1246;1
20131202 011831;1246;1
20131202 011832;1246;1
20131202 011832;1246;1
20131202 011834;1245.9;1
20131202 011857;1246;2
20131202 011859;1246;1
20131202 011902;1246;1
20131202 011903;1246;1
20131202 011919;1245.9;1
20131202 011919;1245.9;1
20131202 011919;1245.9;1
20131202 011920;1245.9;1
20131202 011923;1246;1
20131202 011926;1245.9;1
20131202 011926;1245.9;1
20131202 011927;1245.8;1
20131202 011927;1245.8;1
20131202 011927;1245.8;1
20131202 011930;1245.9;1
20131202 011936;1245.9;1
20131202 011936;1245.9;1
20131202 011940;1245.9;1
20131202 011940;1245.8;1
20131202 011940;1245.9;1
20131202 011940;1245.9;2
20131202 011940;1245.9;2
20131202 012000;1245.9;1
20131202 012000;1245.8;1
20131202 012000;1245.8;1
20131202 012000;1245.9;1
20131202 012000;1245.9;2
20131202 012000;1245.9;1
20131202 012000;1245.8;1
20131202 012000;1246;1
20131202 012000;1246;1
20131202 012000;1246;1
20131202 012000;1246;1
20131202 012000;1246;1
20131202 012001;1246.1;1
20131202 012001;1246;1
20131202 012004;1246;1
20131202 012004;1246;1
20131202 012011;1246.1;1
20131202 012011;1246.1;1
20131202 012022;1246;1
20131202 012022;1246;1
20131202 012022;1246;1
20131202 012025;1246.1;1
20131202 012025;1246;1
20131202 012026;1246;1
20131202 012026;1246;1
20131202 012026;1246;1
20131202 012026;1246;1
20131202 012028;1246.1;1
20131202 012045;1246;5
20131202 012045;1246;1
20131202 012045;1245.9;1
20131202 012046;1245.9;1
20131202 012049;1246;1
20131202 012113;1245.9;1
20131202 012113;1245.9;1
20131202 012113;1245.9;1
20131202 012113;1245.9;1
20131202 012114;1245.8;1
20131202 012114;1245.8;1
20131202 012122;1246;1
20131202 012223;1246;1
20131202 012312;1245.9;1
20131202 012317;1245.9;1
20131202 012317;1245.9;1
20131202 012351;1245.9;1
20131202 012351;1245.9;1
20131202 012421;1245.9;1
20131202 012421;1245.8;1
20131202 012440;1245.9;1
20131202 012446;1245.9;1
20131202 012510;1245.9;1
20131202 012524;1245.9;1
20131202 012524;1245.9;1
20131202 012528;1245.9;1
20131202 012535;1245.9;1
20131202 012607;1245.8;1
20131202 012607;1245.8;1
20131202 012607;1245.9;1
20131202 012618;1245.8;1
20131202 012624;1245.8;1
20131202 012630;1245.8;1
20131202 012633;1245.7;1
20131202 012633;1245.7;1
20131202 012633;1245.7;1
20131202 012633;1245.7;1
20131202 012633;1245.7;1
20131202 012636;1245.6;1
20131202 012636;1245.6;1
20131202 012639;1245.6;1
20131202 012650;1245.7;1
20131202 012650;1245.7;1
20131202 012729;1245.8;1
20131202 012729;1245.8;1
20131202 012729;1245.8;4
20131202 012729;1245.8;1
20131202 012729;1245.8;1
20131202 012729;1245.8;1
20131202 012729;1245.8;1
20131202 012731;1245.8;1
20131202 012808;1245.7;1
20131202 012829;1245.7;1
20131202 012829;1245.7;1
20131202 012829;1245.7;1
20131202 012830;1245.8;1
20131202 012830;1245.8;1
20131202 012831;1245.8;1
20131202 012831;1245.8;1
20131202 012831;1245.8;2
20131202 012831;1245.8;1
20131202 012831;1245.8;1
20131202 012833;1245.8;3
20131202 012833;1245.7;1
20131202 012833;1245.7;1
20131202 012833;1245.7;1
20131202 012833;1245.7;1
20131202 012833;1245.7;1
20131202 012846;1245.7;1
20131202 012856;1245.7;1
20131202 012904;1245.7;1
20131202 012904;1245.7;1
20131202 012904;1245.7;1
20131202 012909;1245.7;1
20131202 012915;1245.7;1
20131202 012915;1245.7;1
20131202 012936;1245.7;1
20131202 012936;1245.7;2
20131202 012946;1245.7;1
20131202 012950;1245.7;1
20131202 012959;1245.7;4
20131202 013010;1245.7;1
20131202 013010;1245.7;1
20131202 013021;1245.7;1
20131202 013031;1245.8;1
20131202 013033;1245.8;1
20131202 013035;1245.7;2
20131202 013055;1245.6;1
20131202 013056;1245.6;1
20131202 013056;1245.6;1
20131202 013056;1245.6;2
20131202 013056;1245.6;1
20131202 013056;1245.6;1
20131202 013056;1245.6;1
20131202 013057;1245.6;6
20131202 013057;1245.6;1
20131202 013057;1245.6;2
20131202 013059;1245.5;1
20131202 013059;1245.5;1
20131202 013059;1245.5;1
20131202 013059;1245.5;1
20131202 013059;1245.5;1
20131202 013059;1245.5;1
20131202 013059;1245.5;1
20131202 013059;1245.5;1
20131202 013100;1245.5;1
20131202 013100;1245.5;1
20131202 013100;1245.5;1
20131202 013100;1245.5;1
20131202 013100;1245.5;1
20131202 013100;1245.5;2
20131202 013100;1245.5;2
20131202 013100;1245.6;1
20131202 013100;1245.5;1
20131202 013102;1245.5;1
20131202 013105;1245.5;2
20131202 013105;1245.5;1
20131202 013105;1245.5;1
20131202 013105;1245.5;1
20131202 013105;1245.5;2
20131202 013120;1245.4;1
20131202 013120;1245.4;3
20131202 013120;1245.4;1
20131202 013120;1245.3;2
20131202 013120;1245.4;2
20131202 013124;1245.4;1
20131202 013140;1245.4;2
20131202 013140;1245.3;1
20131202 013140;1245.3;1
20131202 013140;1245.3;1
20131202 013140;1245.4;1
20131202 013143;1245.4;1
20131202 013204;1245.4;1
20131202 013206;1245.4;2
20131202 013206;1245.4;1
20131202 013227;1245.5;1
20131202 013227;1245.5;1
20131202 013227;1245.5;1
20131202 013233;1245.5;2
20131202 013233;1245.5;1
20131202 013233;1245.5;1
20131202 013239;1245.5;1
20131202 013246;1245.4;2
20131202 013246;1245.4;1
20131202 013246;1245.4;1
20131202 013301;1245.5;1
20131202 013325;1245.5;1
20131202 013325;1245.5;1
20131202 013326;1245.5;1
20131202 013329;1245.4;1
20131202 013334;1245.5;1
20131202 013339;1245.4;2
20131202 013339;1245.4;1
20131202 013339;1245.4;1
20131202 013339;1245.4;1
20131202 013341;1245.4;1
20131202 013419;1245.5;1
20131202 013419;1245.4;1
20131202 013419;1245.4;1
20131202 013419;1245.4;1
20131202 013420;1245.4;1
20131202 013422;1245.5;1
20131202 013424;1245.5;1
20131202 013427;1245.5;1
20131202 013435;1245.5;1
20131202 013435;1245.5;1
20131202 013444;1245.5;1
20131202 013449;1245.4;1
20131202 013449;1245.4;1
20131202 013449;1245.4;1
20131202 013449;1245.4;1
20131202 013451;1245.3;1
20131202 013501;1245.4;1
20131202 013502;1245.4;1
20131202 013502;1245.4;1
20131202 013502;1245.4;1
20131202 013509;1245.3;5
20131202 013522;1245.4;1
20131202 013532;1245.3;4
20131202 013534;1245.3;1
20131202 013534;1245.3;2
20131202 013535;1245.3;1
20131202 013535;1245.3;1
20131202 013535;1245.3;1
20131202 013535;1245.3;1
20131202 013536;1245.2;1
20131202 013543;1245.2;1
20131202 013546;1245.2;2
20131202 013546;1245.2;1
20131202 013546;1245.3;1
20131202 013551;1245.3;2
20131202 013552;1245.3;1
20131202 013554;1245.2;2
20131202 013608;1245.3;1
20131202 013608;1245.3;1
20131202 013608;1245.3;1
20131202 013608;1245.3;1
20131202 013610;1245.3;1
20131202 013613;1245.3;1
20131202 013616;1245.3;1
20131202 013619;1245.3;1
20131202 013619;1245.3;1
20131202 013625;1245.3;1
20131202 013625;1245.4;2
20131202 013625;1245.4;1
20131202 013632;1245.2;1
20131202 013639;1245.3;1
20131202 013643;1245.2;1
20131202 013654;1245.2;1
20131202 013703;1245.2;1
20131202 013708;1245.3;1
20131202 013708;1245.3;1
20131202 013708;1245.3;2
20131202 013708;1245.3;2
20131202 013708;1245.3;1
20131202 013708;1245.3;2
20131202 013711;1245.3;2
20131202 013721;1245.3;2
20131202 013721;1245.3;1
20131202 013721;1245.3;2
20131202 013721;1245.2;1
20131202 013721;1245.2;2
20131202 013721;1245.2;1
20131202 013721;1245.2;1
20131202 013721;1245.2;3
20131202 013721;1245.2;1
20131202 013721;1245.2;1
20131202 013721;1245.2;1
20131202 013721;1245.2;1
20131202 013721;1245.2;1
20131202 013721;1245.2;1
20131202 013721;1245.2;1
20131202 013721;1245.2;1
20131202 013721;1245.2;1
20131202 013721;1245.2;1
20131202 013721;1245.2;1
20131202 013721;1245.2;1
20131202 013727;1245.3;1
20131202 013744;1245.3;1
20131202 013746;1245.3;1
20131202 013748;1245.3;1
20131202 013748;1245.4;2
20131202 013748;1245.4;1
20131202 013748;1245.3;2
20131202 013749;1245.3;1
20131202 013749;1245.3;1
20131202 013750;1245.3;1
20131202 013805;1245.3;1
20131202 013806;1245.2;1
20131202 013806;1245.2;1
20131202 013808;1245.3;1
20131202 013809;1245.3;1
20131202 013814;1245.4;1
20131202 013815;1245.4;1
20131202 013817;1245.4;1
20131202 013822;1245.4;1
20131202 013822;1245.4;1
20131202 013822;1245.4;1
20131202 013822;1245.4;1
20131202 013828;1245.4;2
20131202 013828;1245.4;2
20131202 013830;1245.5;3
20131202 013830;1245.5;1
20131202 013830;1245.5;1
20131202 013830;1245.5;1
20131202 013830;1245.5;1
20131202 013830;1245.5;3
20131202 013830;1245.5;1
20131202 013830;1245.6;2
20131202 013830;1245.6;1
20131202 013831;1245.5;1
20131202 013831;1245.5;1
20131202 013831;1245.5;1
20131202 013831;1245.6;1
20131202 013831;1245.6;1
20131202 013831;1245.6;1
20131202 013831;1245.6;2
20131202 013831;1245.6;1
20131202 013831;1245.6;2
20131202 013832;1245.5;1
20131202 013832;1245.5;1
20131202 013832;1245.6;1
20131202 013839;1245.5;1
20131202 013839;1245.5;1
20131202 013839;1245.4;1
20131202 013839;1245.4;1
20131202 013839;1245.4;1
20131202 013839;1245.4;2
20131202 013839;1245.4;1
20131202 013839;1245.4;2
20131202 013839;1245.4;1
20131202 013839;1245.4;1
20131202 013840;1245.4;1
20131202 013844;1245.4;1
20131202 013846;1245.4;1
20131202 013846;1245.4;1
20131202 013846;1245.4;1
20131202 013846;1245.4;1
20131202 013846;1245.4;1
20131202 013846;1245.4;1
20131202 013846;1245.4;1
20131202 013852;1245.4;1
20131202 013853;1245.4;2
20131202 013854;1245.4;1
20131202 013854;1245.4;1
20131202 013855;1245.5;1
20131202 013914;1245.5;1
20131202 013914;1245.5;1
20131202 013928;1245.5;2
20131202 013928;1245.5;1
20131202 013928;1245.5;1
20131202 013933;1245.5;1
20131202 013934;1245.5;3
20131202 013948;1245.4;1
20131202 013948;1245.4;1
20131202 014000;1245.5;1
20131202 014000;1245.5;1
20131202 014000;1245.5;1
20131202 014000;1245.5;2
20131202 014000;1245.6;1
20131202 014004;1245.5;1
20131202 014013;1245.5;2
20131202 014013;1245.5;1
20131202 014013;1245.6;1
20131202 014013;1245.6;1
20131202 014015;1245.6;1
20131202 014015;1245.4;1
20131202 014015;1245.4;1
20131202 014015;1245.4;1
20131202 014015;1245.4;1
20131202 014024;1245.5;1
20131202 014024;1245.5;2
20131202 014024;1245.5;1
20131202 014024;1245.5;1
20131202 014038;1245.5;2
20131202 014040;1245.6;1
20131202 014040;1245.7;1
20131202 014040;1245.7;1
20131202 014046;1245.7;2
20131202 014047;1245.7;1
20131202 014047;1245.7;1
20131202 014048;1245.7;1
20131202 014049;1245.7;1
20131202 014049;1245.7;1
20131202 014049;1245.7;1
20131202 014049;1245.7;1
20131202 014049;1245.7;1
20131202 014049;1245.7;1
20131202 014049;1245.6;2
20131202 014049;1245.6;1
20131202 014049;1245.6;1
20131202 014049;1245.6;1
20131202 014053;1245.7;1
20131202 014055;1245.7;1
20131202 014057;1245.7;1
20131202 014057;1245.7;2
20131202 014057;1245.7;4
20131202 014059;1245.7;1
20131202 014059;1245.7;1
20131202 014102;1245.8;2
20131202 014102;1245.8;1
20131202 014102;1245.8;1
20131202 014102;1245.8;2
20131202 014106;1245.8;10
20131202 014106;1245.8;1
20131202 014106;1245.8;3
20131202 014112;1245.8;1
20131202 014112;1245.8;1
20131202 014112;1245.8;1
20131202 014112;1245.8;1
20131202 014114;1245.8;2
20131202 014114;1245.8;3
20131202 014114;1245.8;1
20131202 014117;1245.9;1
20131202 014118;1245.8;1
20131202 014119;1245.9;1
20131202 014119;1245.9;1
20131202 014120;1245.9;1
20131202 014121;1245.9;1
20131202 014123;1245.9;1
20131202 014125;1246;1
20131202 014125;1246;1
20131202 014127;1246;1
20131202 014128;1246;1
20131202 014134;1245.9;1
20131202 014134;1245.9;1
20131202 014135;1246;2
20131202 014135;1246;1
20131202 014135;1246;1
20131202 014135;1246;5
20131202 014135;1246;1
20131202 014135;1246;2
20131202 014135;1246;1
20131202 014135;1246;1
20131202 014135;1246;1
20131202 014135;1246;1
20131202 014135;1246;1
20131202 014135;1246.1;1
20131202 014135;1246.1;2
20131202 014135;1246.1;1
20131202 014135;1246.1;1
20131202 014135;1246.1;1
20131202 014135;1246.1;1
20131202 014135;1246.1;1
20131202 014135;1246.1;1
20131202 014135;1246.1;1
20131202 014135;1246.2;1
20131202 014135;1246.2;1
20131202 014135;1246.2;1
20131202 014135;1246.2;1
20131202 014135;1246.2;1
20131202 014136;1246.1;1
20131202 014136;1246.1;1
20131202 014136;1246.2;1
20131202 014136;1246.2;1
20131202 014136;1246.2;1
20131202 014136;1246.2;1
20131202 014137;1246.2;1
20131202 014137;1246.1;1
20131202 014137;1246.1;1
20131202 014137;1246.1;1
20131202 014138;1246.2;1
20131202 014138;1246;1
20131202 014138;1246.1;1
20131202 014138;1246.1;1
20131202 014138;1246.2;1
20131202 014139;1246.2;1
20131202 014140;1246.1;1
20131202 014140;1246.1;1
20131202 014141;1246.2;1
20131202 014142;1246.2;1
20131202 014143;1246.2;1
20131202 014143;1246.2;1
20131202 014143;1246.2;1
20131202 014144;1246.1;1
20131202 014144;1246.2;1
20131202 014146;1246.1;1
20131202 014146;1246.1;1
20131202 014146;1246.1;3
20131202 014147;1246;1
20131202 014148;1246;1
20131202 014150;1246.1;1
20131202 014150;1246.1;1
20131202 014150;1246.1;1
20131202 014150;1246.2;1
20131202 014150;1246.2;1
20131202 014150;1246.1;2
20131202 014151;1246.2;1
20131202 014152;1246.2;1
20131202 014152;1246.2;4
20131202 014152;1246.2;2
20131202 014152;1246.2;1
20131202 014152;1246.2;1
20131202 014152;1246.3;1
20131202 014152;1246.3;1
20131202 014152;1246.3;1
20131202 014152;1246.3;1
20131202 014152;1246.3;2
20131202 014152;1246.3;1
20131202 014152;1246.3;5
20131202 014152;1246.3;1
20131202 014152;1246.3;1
20131202 014152;1246.3;1
20131202 014152;1246.3;1
20131202 014152;1246.3;1
20131202 014152;1246.3;1
20131202 014152;1246.3;3
20131202 014152;1246.3;1
20131202 014152;1246.3;1
20131202 014152;1246.3;2
20131202 014152;1246.3;1
20131202 014152;1246.3;4
20131202 014152;1246.3;1
20131202 014152;1246.3;1
20131202 014152;1246.3;1
20131202 014152;1246.3;2
20131202 014152;1246.3;1
20131202 014152;1246.3;5
20131202 014153;1246.3;5
20131202 014153;1246.3;1
20131202 014153;1246.4;1
20131202 014154;1246.3;5
20131202 014154;1246.3;1
20131202 014155;1246.3;3
20131202 014156;1246.4;1
20131202 014156;1246.4;1
20131202 014156;1246.4;1
20131202 014157;1246.3;2
20131202 014157;1246.3;1
20131202 014157;1246.3;3
20131202 014157;1246.3;1
20131202 014200;1246.4;1
20131202 014203;1246.4;1
20131202 014207;1246.4;2
20131202 014208;1246.4;1
20131202 014208;1246.4;1
20131202 014210;1246.4;1
20131202 014211;1246.4;2
20131202 014211;1246.4;1
20131202 014211;1246.5;1
20131202 014211;1246.5;1
20131202 014211;1246.5;1
20131202 014211;1246.5;1
20131202 014211;1246.5;1
20131202 014212;1246.5;1
20131202 014213;1246.5;1
20131202 014214;1246.5;2
20131202 014214;1246.5;1
20131202 014215;1246.4;1
20131202 014215;1246.4;1
20131202 014215;1246.5;1
20131202 014215;1246.5;1
20131202 014215;1246.5;1
20131202 014217;1246.5;2
20131202 014217;1246.5;1
20131202 014217;1246.6;1
20131202 014217;1246.6;1
20131202 014220;1246.7;1
20131202 014220;1246.7;1
20131202 014220;1246.7;1
20131202 014221;1246.7;1
20131202 014222;1246.7;1
20131202 014222;1246.7;1
20131202 014224;1246.6;1
20131202 014224;1246.6;1
20131202 014226;1246.5;1
20131202 014226;1246.5;1
20131202 014226;1246.5;1
20131202 014226;1246.5;2
20131202 014226;1246.5;1
20131202 014226;1246.5;1
20131202 014226;1246.6;1
20131202 014226;1246.6;1
20131202 014227;1246.4;2
20131202 014227;1246.4;1
20131202 014227;1246.4;1
20131202 014227;1246.4;1
20131202 014227;1246.3;4
20131202 014227;1246.3;1
20131202 014229;1246.5;1
20131202 014232;1246.5;1
20131202 014232;1246.5;1
20131202 014232;1246.5;1
20131202 014232;1246.5;1
20131202 014234;1246.5;2
20131202 014235;1246.6;1
20131202 014235;1246.6;1
20131202 014235;1246.6;1
20131202 014235;1246.6;1
20131202 014235;1246.6;2
20131202 014235;1246.5;1
20131202 014236;1246.6;1
20131202 014238;1246.5;1
20131202 014241;1246.6;1
20131202 014241;1246.6;1
20131202 014243;1246.6;1
20131202 014243;1246.6;1
20131202 014243;1246.6;1
20131202 014245;1246.6;1
20131202 014245;1246.7;1
20131202 014245;1246.5;1
20131202 014245;1246.5;1
20131202 014251;1246.6;1
20131202 014252;1246.5;1
20131202 014301;1246.5;1
20131202 014302;1246.6;1
20131202 014302;1246.6;1
20131202 014307;1246.4;2
20131202 014307;1246.4;1
20131202 014307;1246.4;1
20131202 014307;1246.4;1
20131202 014307;1246.4;1
20131202 014307;1246.4;1
20131202 014307;1246.5;1
20131202 014309;1246.5;1
20131202 014309;1246.5;1
20131202 014311;1246.5;1
20131202 014315;1246.4;1
20131202 014316;1246.5;1
20131202 014316;1246.6;1
20131202 014317;1246.5;2
20131202 014317;1246.5;1
20131202 014320;1246.5;1
20131202 014320;1246.4;1
20131202 014346;1246.6;1
20131202 014350;1246.5;2
20131202 014350;1246.5;1
20131202 014353;1246.5;2
20131202 014405;1246.5;1
20131202 014425;1246.4;1
20131202 014426;1246.5;1
20131202 014427;1246.4;1
20131202 014429;1246.5;1
20131202 014429;1246.5;1
20131202 014429;1246.5;1
20131202 014433;1246.4;1
20131202 014436;1246.5;1
20131202 014442;1246.5;1
20131202 014450;1246.5;2
20131202 014450;1246.5;1
20131202 014450;1246.5;1
20131202 014450;1246.5;1
20131202 014500;1246.6;1
20131202 014500;1246.6;1
20131202 014503;1246.6;1
20131202 014503;1246.6;1
20131202 014503;1246.7;1
20131202 014503;1246.7;1
20131202 014503;1246.7;1
20131202 014503;1246.7;1
20131202 014503;1246.6;1
20131202 014506;1246.6;1
20131202 014507;1246.7;1
20131202 014507;1246.8;1
20131202 014507;1246.8;4
20131202 014508;1246.7;1
20131202 014508;1246.7;1
20131202 014510;1246.7;2
20131202 014512;1246.6;1
20131202 014514;1246.7;1
20131202 014515;1246.6;1
20131202 014516;1246.8;1
20131202 014543;1246.7;1
20131202 014543;1246.7;4
20131202 014543;1246.8;1
20131202 014543;1246.8;1
20131202 014543;1246.8;1
20131202 014543;1246.9;1
20131202 014543;1246.9;1
20131202 014543;1246.9;1
20131202 014543;1246.9;1
20131202 014543;1246.7;1
20131202 014552;1246.7;1
20131202 014554;1246.8;1
20131202 014554;1246.7;1
20131202 014556;1246.7;1
20131202 014607;1246.7;1
20131202 014617;1246.7;1
20131202 014619;1246.7;1
20131202 014622;1246.7;1
20131202 014623;1246.7;4
20131202 014623;1246.8;1
20131202 014623;1246.8;1
20131202 014623;1246.8;1
20131202 014626;1246.9;1
20131202 014634;1246.7;4
20131202 014643;1246.8;1
20131202 014643;1246.7;2
20131202 014643;1246.7;1
20131202 014645;1246.7;1
20131202 014651;1246.7;1
20131202 014701;1246.7;1
20131202 014722;1246.6;1
20131202 014722;1246.6;1
20131202 014722;1246.6;1
20131202 014729;1246.6;1
20131202 014731;1246.7;1
20131202 014731;1246.7;1
20131202 014731;1246.7;1
20131202 014733;1246.6;2
20131202 014733;1246.6;1
20131202 014744;1246.5;3
20131202 014746;1246.5;2
20131202 014746;1246.5;1
20131202 014746;1246.5;2
20131202 014746;1246.5;1
20131202 014753;1246.5;2
20131202 014800;1246.6;1
20131202 014800;1246.6;2
20131202 014804;1246.6;1
20131202 014804;1246.6;1
20131202 014804;1246.6;1
20131202 014804;1246.6;1
20131202 014820;1246.6;1
20131202 014820;1246.6;1
20131202 014820;1246.6;3
20131202 014820;1246.6;3
20131202 014820;1246.6;1
20131202 014820;1246.6;3
20131202 014820;1246.6;6
20131202 014850;1246.6;1
20131202 014921;1246.7;1
20131202 014922;1246.7;1
20131202 014926;1246.7;1
20131202 014926;1246.7;1
20131202 014926;1246.7;1
20131202 014934;1246.7;1
20131202 014934;1246.7;1
20131202 014944;1246.7;1
20131202 014944;1246.7;1
20131202 014944;1246.7;1
20131202 014944;1246.7;1
20131202 014946;1246.7;1
20131202 014947;1246.7;1
20131202 014947;1246.7;1
20131202 014959;1246.8;1
20131202 014959;1246.8;1
20131202 014959;1246.8;2
20131202 014959;1246.8;1
20131202 015001;1246.8;1
20131202 015002;1246.8;1
20131202 015002;1246.8;1
20131202 015003;1246.8;2
20131202 015003;1246.8;1
20131202 015003;1246.8;1
20131202 015004;1246.8;1
20131202 015006;1246.8;1
20131202 015006;1246.8;1
20131202 015008;1246.8;1
20131202 015014;1246.9;1
20131202 015014;1246.9;1
20131202 015014;1246.9;1
20131202 015014;1247;1
20131202 015014;1247;1
20131202 015014;1247;2
20131202 015014;1247;1
20131202 015014;1247;1
20131202 015014;1247;1
20131202 015014;1247;1
20131202 015014;1247;1
20131202 015014;1247;1
20131202 015014;1247;1
20131202 015014;1247;1
20131202 015014;1247;1
20131202 015014;1247;2
20131202 015014;1247;1
20131202 015014;1247;1
20131202 015014;1247;1
20131202 015014;1247;4
20131202 015014;1246.8;3
20131202 015014;1246.8;4
20131202 015014;1246.8;3
20131202 015014;1246.8;2
20131202 015014;1246.9;1
20131202 015014;1246.9;1
20131202 015014;1246.9;1
20131202 015020;1246.8;1
20131202 015020;1246.8;1
20131202 015020;1246.8;1
20131202 015020;1246.8;1
20131202 015024;1246.8;1
20131202 015027;1246.9;1
20131202 015027;1246.9;1
20131202 015027;1246.9;2
20131202 015030;1246.9;3
20131202 015032;1247;2
20131202 015032;1247;1
20131202 015032;1247;3
20131202 015036;1247.1;1
20131202 015036;1247.1;1
20131202 015036;1247.1;1
20131202 015036;1247.1;1
20131202 015036;1247.1;1
20131202 015044;1247;2
20131202 015050;1246.9;2
20131202 015100;1246.9;2
20131202 015100;1246.9;1
20131202 015100;1246.9;1
20131202 015100;1247;1
20131202 015100;1247;1
20131202 015100;1247;2
20131202 015100;1247;1
20131202 015100;1247;4
20131202 015100;1247;1
20131202 015100;1247;1
20131202 015100;1247;1
20131202 015100;1247;1
20131202 015100;1247;3
20131202 015113;1247;1
20131202 015117;1247.1;1
20131202 015120;1247.1;1
20131202 015120;1247.1;1
20131202 015128;1247.1;1
20131202 015131;1247.1;2
20131202 015131;1247.1;1
20131202 015131;1247.1;1
20131202 015131;1247.1;1
20131202 015132;1247.1;1
20131202 015135;1247.2;1
20131202 015135;1247.2;1
20131202 015135;1247.2;1
20131202 015147;1247.1;3
20131202 015147;1247.1;1
20131202 015148;1247.1;1
20131202 015150;1247.1;1
20131202 015151;1247.1;1
20131202 015152;1247.2;3
20131202 015152;1247.2;4
20131202 015152;1247.2;2
20131202 015152;1247.2;1
20131202 015152;1247.2;1
20131202 015152;1247.2;1
20131202 015152;1247.2;2
20131202 015153;1247.2;1
20131202 015153;1247.2;1
20131202 015158;1247.3;1
20131202 015158;1247.3;1
20131202 015210;1247.3;1
20131202 015210;1247.3;1
20131202 015210;1247.3;1
20131202 015210;1247.3;2
20131202 015210;1247.3;1
20131202 015210;1247.3;1
20131202 015210;1247.3;1
20131202 015210;1247.4;1
20131202 015210;1247.4;1
20131202 015210;1247.4;1
20131202 015210;1247.3;1
20131202 015213;1247.4;1
20131202 015213;1247.3;1
20131202 015213;1247.3;1
20131202 015217;1247.2;1
20131202 015220;1247.3;1
20131202 015232;1247.3;1
20131202 015241;1247.2;2
20131202 015241;1247.2;2
20131202 015244;1247.1;1
20131202 015244;1247;1
20131202 015246;1247.1;1
20131202 015248;1247.2;1
20131202 015248;1247.2;1
20131202 015248;1247.2;1
20131202 015248;1247.2;1
20131202 015250;1247.3;1
20131202 015250;1247.3;1
20131202 015252;1247.2;2
20131202 015254;1247.2;1
20131202 015255;1247.3;1
20131202 015258;1247.3;1
20131202 015259;1247.3;1
20131202 015259;1247.3;1
20131202 015259;1247.3;3
20131202 015259;1247.3;1
20131202 015309;1247.3;1
20131202 015312;1247.3;1
20131202 015317;1247.2;1
20131202 015320;1247.2;1
20131202 015320;1247.3;1
20131202 015321;1247.3;2
20131202 015322;1247.2;1
20131202 015322;1247.3;1
20131202 015322;1247.3;1
20131202 015332;1247.4;1
20131202 015354;1247.1;1
20131202 015354;1247;2
20131202 015354;1247;1
20131202 015354;1247;1
20131202 015355;1247.1;1
20131202 015406;1247.1;1
20131202 015406;1247.1;1
20131202 015409;1247.1;1
20131202 015412;1247.1;1
20131202 015414;1247.1;1
20131202 015416;1247.1;1
20131202 015430;1247;1
20131202 015434;1247;3
20131202 015434;1247;1
20131202 015438;1247;1
20131202 015447;1247;1
20131202 015449;1247;1
20131202 015453;1247;1
20131202 015456;1247;1
20131202 015456;1247.1;1
20131202 015505;1247;1
20131202 015523;1247.1;1
20131202 015530;1247.1;1
20131202 015530;1247.1;1
20131202 015530;1247.1;1
20131202 015530;1247.1;1
20131202 015530;1247.1;1
20131202 015530;1247.1;1
20131202 015530;1247.1;1
20131202 015530;1247.1;1
20131202 015531;1247.1;1
20131202 015531;1247.1;1
20131202 015531;1247.1;1
20131202 015535;1247.1;1
20131202 015535;1247.1;1
20131202 015543;1247.1;1
20131202 015553;1247.1;1
20131202 015553;1247.1;1
20131202 015554;1247.1;1
20131202 015554;1247.1;1
20131202 015555;1247.1;1
20131202 015555;1247.1;1
20131202 015556;1247.1;1
20131202 015556;1247.1;1
20131202 015556;1247.1;1
20131202 015557;1247.1;1
20131202 015605;1247.1;1
20131202 015608;1247.1;1
20131202 015608;1247.1;1
20131202 015609;1247.1;1
20131202 015610;1247.1;1
20131202 015611;1247.1;1
20131202 015611;1247.1;1
20131202 015611;1247.1;1
20131202 015611;1247.1;1
20131202 015617;1247;1
20131202 015617;1247;1
20131202 015630;1247.1;1
20131202 015645;1247.1;1
20131202 015645;1247.1;1
20131202 015704;1247.1;1
20131202 015704;1247.1;1
20131202 015710;1247.1;1
20131202 015710;1247.1;1
20131202 015711;1247.1;1
20131202 015724;1247.2;1
20131202 015729;1247.2;5
20131202 015741;1247.2;1
20131202 015805;1247.1;1
20131202 015831;1247.2;1
20131202 015831;1247.2;1
20131202 015831;1247.2;1
20131202 015901;1247.2;1
20131202 015923;1247.1;1
20131202 015924;1247.1;1
20131202 015924;1247.1;1
20131202 015924;1247.1;1
20131202 015936;1247.1;1
20131202 015936;1247.1;1
20131202 015936;1247.1;1
20131202 015940;1247.1;1
20131202 015940;1247.1;1
20131202 015948;1247.2;1
20131202 015948;1247.2;1
20131202 015948;1247.2;1
20131202 015948;1247.2;1
20131202 015948;1247.2;1
20131202 015948;1247.2;1
20131202 020000;1247.2;1
20131202 020000;1247.2;1
20131202 020000;1247.2;1
20131202 020000;1247.1;1
20131202 020000;1247.1;1
20131202 020000;1247.1;1
20131202 020000;1247.1;1
20131202 020000;1247.1;1
20131202 020000;1247.1;1
20131202 020000;1247;1
20131202 020000;1247;1
20131202 020000;1247.2;1
20131202 020000;1247;1
20131202 020000;1247;1
20131202 020000;1247.1;1
20131202 020000;1247;1
20131202 020000;1247;1
20131202 020000;1247;1
20131202 020000;1247;1
20131202 020001;1247.1;1
20131202 020001;1247;2
20131202 020002;1247;1
20131202 020002;1247;1
20131202 020002;1246.9;1
20131202 020002;1246.9;2
20131202 020002;1246.9;2
20131202 020015;1247.1;2
20131202 020015;1247.1;1
20131202 020044;1247.1;1
20131202 020048;1247.1;2
20131202 020104;1247.2;1
20131202 020111;1247.3;1
20131202 020115;1247.3;1
20131202 020117;1247.3;1
20131202 020117;1247.3;1
20131202 020117;1247.3;1
20131202 020117;1247.3;1
20131202 020117;1247.3;1
20131202 020117;1247.3;1
20131202 020117;1247.3;1
20131202 020117;1247.3;1
20131202 020118;1247.3;3
20131202 020119;1247.4;1
20131202 020121;1247.3;1
20131202 020133;1247.3;1
20131202 020134;1247.4;1
20131202 020134;1247.4;1
20131202 020134;1247.4;2
20131202 020134;1247.4;1
20131202 020214;1247.4;1
20131202 020215;1247.5;2
20131202 020215;1247.5;1
20131202 020215;1247.5;1
20131202 020221;1247.5;1
20131202 020228;1247.5;1
20131202 020228;1247.5;1
20131202 020228;1247.5;1
20131202 020228;1247.5;1
20131202 020228;1247.5;1
20131202 020228;1247.6;1
20131202 020237;1247.6;1
20131202 020238;1247.6;1
20131202 020244;1247.7;1
20131202 020244;1247.7;1
20131202 020244;1247.7;1
20131202 020244;1247.7;1
20131202 020244;1247.7;1
20131202 020244;1247.7;1
20131202 020244;1247.7;1
20131202 020244;1247.7;1
20131202 020244;1247.7;2
20131202 020245;1247.7;2
20131202 020245;1247.7;2
20131202 020246;1247.7;1
20131202 020247;1247.8;1
20131202 020250;1247.7;1
20131202 020254;1247.6;1
20131202 020254;1247.7;1
20131202 020257;1247.8;1
20131202 020257;1247.8;1
20131202 020257;1247.8;1
20131202 020257;1247.8;1
20131202 020257;1247.8;1
20131202 020257;1247.8;1
20131202 020257;1247.8;1
20131202 020257;1247.8;1
20131202 020257;1247.8;1
20131202 020257;1247.8;1
20131202 020257;1247.8;1
20131202 020257;1247.8;1
20131202 020257;1247.8;1
20131202 020257;1247.8;1
20131202 020257;1247.8;1
20131202 020300;1247.6;17
20131202 020300;1247.6;1
20131202 020300;1247.5;1
20131202 020300;1247.5;1
20131202 020300;1247.5;1
20131202 020300;1247.5;1
20131202 020300;1247.5;1
20131202 020303;1247.4;1
20131202 020305;1247.5;1
20131202 020308;1247.5;1
20131202 020312;1247.4;1
20131202 020326;1247.5;1
20131202 020326;1247.5;1
20131202 020326;1247.5;1
20131202 020326;1247.5;1
20131202 020326;1247.5;1
20131202 020326;1247.5;1
20131202 020327;1247.5;1
20131202 020327;1247.5;1
20131202 020327;1247.5;1
20131202 020327;1247.5;1
20131202 020328;1247.5;1
20131202 020328;1247.5;1
20131202 020328;1247.5;2
20131202 020330;1247.5;2
20131202 020336;1247.5;1
20131202 020336;1247.5;1
20131202 020340;1247.5;1
20131202 020344;1247.6;2
20131202 020344;1247.6;1
20131202 020344;1247.6;1
20131202 020344;1247.6;1
20131202 020344;1247.6;1
20131202 020344;1247.7;1
20131202 020349;1247.7;1
20131202 020355;1247.7;1
20131202 020400;1247.7;1
20131202 020404;1247.6;1
20131202 020407;1247.7;1
20131202 020417;1247.7;1
20131202 020424;1247.8;1
20131202 020424;1247.8;6
20131202 020424;1247.8;1
20131202 020424;1247.8;1
20131202 020424;1247.8;1
20131202 020430;1247.7;1
20131202 020430;1247.7;1
20131202 020430;1247.7;16
20131202 020430;1247.7;2
20131202 020430;1247.7;2
20131202 020430;1247.7;1
20131202 020430;1247.7;2
20131202 020430;1247.6;1
20131202 020430;1247.6;1
20131202 020446;1247.6;1
20131202 020446;1247.6;1
20131202 020504;1247.6;1
20131202 020506;1247.6;18
20131202 020506;1247.6;2
20131202 020506;1247.5;1
20131202 020506;1247.5;1
20131202 020518;1247.6;1
20131202 020518;1247.7;1
20131202 020519;1247.6;1
20131202 020525;1247.6;8
20131202 020525;1247.6;1
20131202 020525;1247.7;10
20131202 020525;1247.7;10
20131202 020525;1247.7;10
20131202 020525;1247.7;1
20131202 020525;1247.7;1
20131202 020525;1247.7;1
20131202 020525;1247.7;1
20131202 020525;1247.7;1
20131202 020525;1247.7;1
20131202 020525;1247.8;1
20131202 020525;1247.8;1
20131202 020525;1247.8;1
20131202 020525;1247.8;1
20131202 020525;1247.8;1
20131202 020525;1247.7;1
20131202 020526;1247.7;2
20131202 020526;1247.6;1
20131202 020527;1247.6;1
20131202 020527;1247.6;2
20131202 020527;1247.6;1
20131202 020527;1247.6;1
20131202 020527;1247.6;1
20131202 020535;1247.7;1
20131202 020537;1247.7;1
20131202 020537;1247.7;1
20131202 020537;1247.7;1
20131202 020537;1247.7;1
20131202 020545;1247.8;5
20131202 020545;1247.8;7
20131202 020545;1247.8;1
20131202 020545;1247.8;1
20131202 020545;1247.8;1
20131202 020545;1247.8;1
20131202 020547;1247.8;1
20131202 020549;1247.8;1
20131202 020549;1247.8;1
20131202 020550;1247.8;1
20131202 020552;1247.8;1
20131202 020555;1247.9;1
20131202 020555;1247.9;1
20131202 020555;1247.9;2
20131202 020555;1247.9;2
20131202 020555;1247.8;1
20131202 020555;1247.8;1
20131202 020556;1247.9;1
20131202 020556;1247.9;1
20131202 020556;1247.9;1
20131202 020605;1248;1
20131202 020605;1248;1
20131202 020605;1248;1
20131202 020605;1248;1
20131202 020605;1248;1
20131202 020605;1248;1
20131202 020605;1248;1
20131202 020605;1248;1
20131202 020605;1248;1
20131202 020606;1248;1
20131202 020611;1248;1
20131202 020613;1247.9;2
20131202 020631;1247.9;1
20131202 020632;1247.9;2
20131202 020633;1247.9;1
20131202 020633;1247.9;1
20131202 020633;1247.9;1
20131202 020633;1247.9;2
20131202 020633;1247.9;2
20131202 020633;1247.9;2
20131202 020633;1247.9;7
20131202 020633;1247.9;1
20131202 020633;1247.9;1
20131202 020644;1247.7;1
20131202 020644;1247.7;1
20131202 020644;1247.7;1
20131202 020644;1247.7;1
20131202 020644;1247.7;1
20131202 020648;1247.7;1
20131202 020648;1247.7;1
20131202 020648;1247.7;1
20131202 020648;1247.7;1
20131202 020648;1247.7;1
20131202 020649;1247.7;1
20131202 020649;1247.7;1
20131202 020649;1247.7;1
20131202 020649;1247.7;1
20131202 020649;1247.7;1
20131202 020649;1247.7;1
20131202 020649;1247.8;1
20131202 020649;1247.7;1
20131202 020649;1247.7;1
20131202 020650;1247.7;1
20131202 020650;1247.7;1
20131202 020652;1247.7;1
20131202 020652;1247.7;1
20131202 020705;1247.8;1
20131202 020707;1247.8;1
20131202 020727;1247.8;1
20131202 020729;1247.8;1
20131202 020729;1247.8;1
20131202 020729;1247.8;2
20131202 020729;1247.8;1
20131202 020729;1247.8;1
20131202 020729;1247.8;1
20131202 020729;1247.8;1
20131202 020729;1247.8;1
20131202 020730;1247.8;1
20131202 020733;1247.8;1
20131202 020738;1247.7;1
20131202 020757;1247.7;1
20131202 020803;1247.7;1
20131202 020815;1247.8;2
20131202 020815;1247.8;1
20131202 020815;1247.8;1
20131202 020815;1247.8;10
20131202 020815;1247.8;1
20131202 020815;1247.8;1
20131202 020815;1247.8;1
20131202 020815;1247.8;1
20131202 020815;1247.8;1
20131202 020815;1247.8;1
20131202 020821;1247.8;2
20131202 020827;1247.7;1
20131202 020827;1247.7;1
20131202 020827;1247.8;1
20131202 020827;1247.8;1
20131202 020827;1247.8;1
20131202 020827;1247.8;1
20131202 020828;1247.8;1
20131202 020828;1247.8;1
20131202 020842;1247.8;3
20131202 020844;1247.7;1
20131202 020845;1247.8;1
20131202 020851;1247.7;1
20131202 020851;1247.7;1
20131202 020851;1247.7;1
20131202 020851;1247.7;1
20131202 020900;1247.7;1
20131202 020900;1247.7;1
20131202 020900;1247.7;1
20131202 020900;1247.7;1
20131202 020900;1247.7;1
20131202 020905;1247.8;1
20131202 020908;1247.8;1
20131202 020910;1247.8;1
20131202 020910;1247.8;1
20131202 020913;1247.8;1
20131202 020928;1247.8;1
20131202 020929;1247.8;1
20131202 020949;1247.7;1
20131202 021002;1247.7;1
20131202 021002;1247.7;1
20131202 021002;1247.7;1
20131202 021015;1247.8;1
20131202 021047;1247.9;1
20131202 021047;1247.9;1
20131202 021047;1247.9;1
20131202 021047;1247.9;1
20131202 021049;1247.8;1
20131202 021057;1248;1
20131202 021105;1247.9;1
20131202 021105;1247.9;1
20131202 021105;1247.9;1
20131202 021129;1247.9;5
20131202 021138;1247.8;1
20131202 021141;1247.8;1
20131202 021142;1247.8;1
20131202 021142;1247.8;3
20131202 021149;1247.7;1
20131202 021149;1247.7;1
20131202 021149;1247.7;1
20131202 021149;1247.7;1
20131202 021149;1247.7;1
20131202 021149;1247.7;1
20131202 021217;1247.8;1
20131202 021226;1247.8;1
20131202 021228;1247.7;1
20131202 021228;1247.7;1
20131202 021228;1247.7;1
20131202 021228;1247.7;1
20131202 021228;1247.7;1
20131202 021228;1247.7;1
20131202 021228;1247.7;1
20131202 021228;1247.7;1
20131202 021230;1247.7;1
20131202 021242;1247.8;1
20131202 021251;1247.8;1
20131202 021251;1247.8;1
20131202 021306;1247.8;1
20131202 021306;1247.8;1
20131202 021307;1247.8;1
20131202 021315;1247.9;2
20131202 021315;1247.9;1
20131202 021318;1247.8;1
20131202 021318;1247.8;1
20131202 021318;1247.8;1
20131202 021318;1247.7;2
20131202 021318;1247.7;1
20131202 021318;1247.7;1
20131202 021318;1247.7;1
20131202 021318;1247.7;1
20131202 021318;1247.7;1
20131202 021318;1247.7;26
20131202 021318;1247.7;8
20131202 021318;1247.7;1
20131202 021318;1247.7;1
20131202 021331;1247.7;14
20131202 021331;1247.7;1
20131202 021331;1247.7;1
20131202 021331;1247.7;1
20131202 021331;1247.7;1
20131202 021332;1247.7;1
20131202 021332;1247.7;1
20131202 021332;1247.6;1
20131202 021332;1247.6;1
20131202 021332;1247.6;1
20131202 021333;1247.8;1
20131202 021333;1247.6;1
20131202 021333;1247.5;1
20131202 021335;1247.7;1
20131202 021335;1247.7;1
20131202 021335;1247.7;1
20131202 021355;1247.5;2
20131202 021355;1247.5;3
20131202 021355;1247.5;1
20131202 021355;1247.5;1
20131202 021355;1247.5;1
20131202 021408;1247.5;1
20131202 021411;1247.5;1
20131202 021411;1247.5;1
20131202 021426;1247.5;1
20131202 021426;1247.5;1
20131202 021426;1247.6;2
20131202 021426;1247.6;1
20131202 021426;1247.6;1
20131202 021432;1247.6;1
20131202 021434;1247.6;1
20131202 021436;1247.6;1
20131202 021440;1247.6;1
20131202 021453;1247.6;1
20131202 021459;1247.6;1
20131202 021459;1247.6;1
20131202 021503;1247.5;1
20131202 021513;1247.5;1
20131202 021524;1247.5;2
20131202 021524;1247.5;1
20131202 021524;1247.5;1
20131202 021524;1247.5;1
20131202 021524;1247.5;1
20131202 021524;1247.5;1
20131202 021524;1247.5;1
20131202 021524;1247.5;1
20131202 021526;1247.5;1
20131202 021526;1247.5;1
20131202 021529;1247.7;1
20131202 021531;1247.6;1
20131202 021558;1247.5;2
20131202 021558;1247.5;1
20131202 021558;1247.5;1
20131202 021558;1247.5;3
20131202 021558;1247.5;1
20131202 021558;1247.4;1
20131202 021558;1247.4;1
20131202 021558;1247.4;1
20131202 021558;1247.4;1
20131202 021558;1247.4;2
20131202 021558;1247.4;1
20131202 021558;1247.4;1
20131202 021558;1247.4;1
20131202 021558;1247.4;1
20131202 021558;1247.4;1
20131202 021603;1247.6;1
20131202 021609;1247.6;1
20131202 021620;1247.7;1
20131202 021624;1247.7;1
20131202 021702;1247.7;1
20131202 021721;1247.6;1
20131202 021731;1247.6;1
20131202 021755;1247.6;1
20131202 021813;1247.5;2
20131202 021813;1247.5;1
20131202 021813;1247.5;1
20131202 021813;1247.5;1
20131202 021813;1247.5;1
20131202 021813;1247.5;1
20131202 021813;1247.5;1
20131202 021813;1247.5;1
20131202 021813;1247.5;1
20131202 021813;1247.5;1
20131202 021816;1247.5;1
20131202 021847;1247.6;1
20131202 021847;1247.6;1
20131202 021945;1247.6;1
20131202 022000;1247.6;1
20131202 022002;1247.6;1
20131202 022002;1247.6;1
20131202 022007;1247.6;2
20131202 022103;1247.6;1
20131202 022103;1247.6;1
20131202 022103;1247.6;1
20131202 022112;1247.7;1
20131202 022112;1247.7;1
20131202 022112;1247.7;1
20131202 022130;1247.6;1
20131202 022140;1247.5;1
20131202 022140;1247.5;1
20131202 022140;1247.5;1
20131202 022142;1247.5;1
20131202 022207;1247.6;1
20131202 022207;1247.6;1
20131202 022229;1247.6;1
20131202 022234;1247.6;1
20131202 022242;1247.6;10
20131202 022242;1247.6;5
20131202 022242;1247.7;1
20131202 022242;1247.7;1
20131202 022242;1247.7;1
20131202 022242;1247.7;2
20131202 022254;1247.6;2
20131202 022312;1247.6;1
20131202 022337;1247.7;1
20131202 022337;1247.7;1
20131202 022339;1247.7;1
20131202 022342;1247.7;1
20131202 022344;1247.7;1
20131202 022406;1247.7;1
20131202 022406;1247.7;1
20131202 022409;1247.7;1
20131202 022409;1247.7;2
20131202 022415;1247.7;2
20131202 022415;1247.8;1
20131202 022415;1247.8;1
20131202 022415;1247.8;3
20131202 022415;1247.8;1
20131202 022415;1247.8;1
20131202 022415;1247.8;1
20131202 022420;1247.7;1
20131202 022420;1247.7;1
20131202 022428;1247.7;3
20131202 022432;1247.8;1
20131202 022432;1247.8;1
20131202 022503;1247.7;1
20131202 022503;1247.7;1
20131202 022503;1247.7;1
20131202 022503;1247.7;2
20131202 022522;1247.7;1
20131202 022534;1247.7;1
20131202 022534;1247.7;5
20131202 022546;1247.8;1
20131202 022600;1247.7;2
20131202 022605;1247.8;2
20131202 022605;1247.8;1
20131202 022605;1247.8;1
20131202 022605;1247.8;1
20131202 022605;1247.8;1
20131202 022606;1247.8;2
20131202 022607;1247.7;1
20131202 022610;1247.8;1
20131202 022610;1247.8;1
20131202 022610;1247.8;1
20131202 022647;1247.7;1
20131202 022649;1247.8;1
20131202 022652;1247.8;1
20131202 022712;1247.8;4
20131202 022712;1247.7;30
20131202 022712;1247.7;1
20131202 022712;1247.7;1
20131202 022712;1247.7;1
20131202 022712;1247.7;1
20131202 022712;1247.7;1
20131202 022712;1247.7;1
20131202 022712;1247.6;1
20131202 022712;1247.6;1
20131202 022712;1247.6;1
20131202 022712;1247.6;1
20131202 022712;1247.6;1
20131202 022712;1247.6;1
20131202 022712;1247.6;1
20131202 022712;1247.6;1
20131202 022712;1247.6;1
20131202 022712;1247.6;1
20131202 022712;1247.6;1
20131202 022712;1247.6;1
20131202 022712;1247.6;1
20131202 022727;1247.5;1
20131202 022727;1247.5;1
20131202 022727;1247.5;1
20131202 022727;1247.5;1
20131202 022727;1247.5;1
20131202 022727;1247.5;1
20131202 022727;1247.5;1
20131202 022727;1247.5;1
20131202 022727;1247.4;3
20131202 022727;1247.4;1
20131202 022727;1247.4;1
