20131202 000001;1247.7;3
20131202 000001;1247.8;3
20131202 000001;1247.8;1
20131202 000001;1247.8;1
20131202 000003;1247.8;1
20131202 000003;1247.8;2
20131202 000003;1247.8;8
20131202 000003;1247.8;1
20131202 000004;1247.8;1
20131202 000010;1247.8;1
20131202 000021;1247.7;1
20131202 000022;1247.8;1
20131202 000034;1247.8;1
20131202 000037;1247.8;1
20131202 000053;1247.8;1
20131202 000055;1247.8;1
20131202 000102;1247.9;1
20131202 000103;1247.8;1
20131202 000103;1247.8;1
20131202 000122;1247.8;1
20131202 000124;1247.8;1
20131202 000125;1247.8;1
20131202 000128;1247.8;1
20131202 000143;1247.8;1
20131202 000143;1247.8;1
20131202 000216;1248;1
20131202 000216;1248;1
20131202 000216;1248;1
20131202 000216;1248.1;1
20131202 000237;1247.9;1
20131202 000239;1248;1
20131202 000300;1247.9;1
20131202 000309;1247.9;2
20131202 000313;1247.9;1
20131202 000338;1247.9;1
20131202 000338;1247.9;1
20131202 000340;1247.8;1
20131202 000340;1247.8;1
20131202 000343;1247.8;1
20131202 000343;1247.8;1
20131202 000344;1247.9;1
20131202 000345;1247.7;2
20131202 000345;1247.7;1
20131202 000353;1247.8;6
20131202 000358;1247.8;1
20131202 000414;1247.8;2
20131202 000414;1247.8;2
20131202 000504;1248;1
20131202 000504;1248;1
20131202 000505;1248;1
20131202 000505;1248;1
20131202 000515;1248;1
20131202 000534;1247.9;1
20131202 000545;1247.9;1
20131202 000545;1247.9;1
20131202 000545;1247.8;1
20131202 000545;1247.8;3
20131202 000607;1248;1
20131202 000607;1248.1;1
20131202 000607;1248.1;1
20131202 000621;1248.2;1
20131202 000621;1248.2;1
20131202 000621;1248.2;1
20131202 000629;1248.2;1
20131202 000630;1248.2;1
20131202 000630;1248.2;2
20131202 000632;1248.2;1
20131202 000632;1248.2;1
20131202 000635;1248.2;1
20131202 000639;1248.2;1
20131202 000639;1248.2;3
20131202 000641;1248.2;1
20131202 000643;1248.1;1
20131202 000659;1248.1;1
20131202 000659;1248.1;1
20131202 000717;1248.1;1
20131202 000720;1248.1;1
20131202 000720;1248;1
20131202 000725;1248.1;2
20131202 000754;1248;1
20131202 000801;1247.9;1
20131202 000801;1247.9;1
20131202 000813;1247.9;2
20131202 000814;1248;1
20131202 000817;1247.8;1
20131202 000820;1247.8;1
20131202 000820;1247.8;1
20131202 000820;1247.8;1
20131202 000820;1247.8;1
20131202 000820;1247.8;1
20131202 000823;1247.8;3
20131202 000835;1247.7;2
20131202 000835;1247.7;1
20131202 000835;1247.7;1
20131202 000835;1247.7;1
20131202 000836;1247.8;1
20131202 000838;1247.8;1
20131202 000839;1247.8;2
20131202 000943;1247.7;1
20131202 000943;1247.7;1
